2023-12-24 20:28:28.537 ,QWERTYUIOP01,9128283H1,BUY,10000000,100-000,RECEIVED,
2023-12-24 20:28:28.537 ,QWERTYUIOP01,9128283H1,BUY,10000000,99-281,DONE,
2023-12-24 20:28:28.537 ,QWERTYUIOP01,9128283H1,BUY,10000000,99-281,DONE,
2023-12-24 20:28:28.537 ,QWERTYUIOP02,9128283H1,SELL,20000000,100-000,RECEIVED,
2023-12-24 20:28:28.537 ,QWERTYUIOP02,9128283H1,SELL,20000000,99-123,DONE,
2023-12-24 20:28:28.537 ,QWERTYUIOP02,9128283H1,SELL,20000000,99-123,DONE,
2023-12-24 20:28:28.537 ,QWERTYUIOP03,9128283H1,BUY,30000000,100-000,RECEIVED,
2023-12-24 20:28:28.537 ,QWERTYUIOP03,9128283H1,BUY,30000000,99-287,DONE,
2023-12-24 20:28:28.537 ,QWERTYUIOP03,9128283H1,BUY,30000000,99-287,DONE,
2023-12-24 20:28:28.537 ,QWERTYUIOP04,9128283H1,SELL,40000000,100-000,RECEIVED,
2023-12-24 20:28:28.537 ,QWERTYUIOP04,9128283H1,SELL,40000000,99-255,DONE,
2023-12-24 20:28:28.537 ,QWERTYUIOP04,9128283H1,SELL,40000000,99-255,DONE,
2023-12-24 20:28:28.538 ,QWERTYUIOP05,9128283H1,BUY,50000000,100-000,RECEIVED,
2023-12-24 20:28:28.538 ,QWERTYUIOP05,9128283H1,BUY,50000000,100-263,DONE,
2023-12-24 20:28:28.538 ,QWERTYUIOP05,9128283H1,BUY,50000000,100-263,DONE,
2023-12-24 20:28:28.538 ,QWERTYUIOP06,9128283H1,SELL,50000000,100-000,RECEIVED,
2023-12-24 20:28:28.538 ,QWERTYUIOP06,9128283H1,SELL,50000000,99-147,DONE,
2023-12-24 20:28:28.538 ,QWERTYUIOP06,9128283H1,SELL,50000000,99-147,DONE,
2023-12-24 20:28:28.538 ,QWERTYUIOP07,9128283H1,BUY,40000000,100-000,RECEIVED,
2023-12-24 20:28:28.538 ,QWERTYUIOP07,9128283H1,BUY,40000000,99-093,DONE,
2023-12-24 20:28:28.538 ,QWERTYUIOP07,9128283H1,BUY,40000000,99-093,DONE,
2023-12-24 20:28:28.538 ,QWERTYUIOP08,9128283H1,SELL,30000000,100-000,RECEIVED,
2023-12-24 20:28:28.538 ,QWERTYUIOP08,9128283H1,SELL,30000000,99-020,DONE,
2023-12-24 20:28:28.538 ,QWERTYUIOP08,9128283H1,SELL,30000000,99-020,DONE,
2023-12-24 20:28:28.538 ,QWERTYUIOP09,9128283H1,BUY,20000000,100-000,RECEIVED,
2023-12-24 20:28:28.538 ,QWERTYUIOP09,9128283H1,BUY,20000000,99-040,DONE,
2023-12-24 20:28:28.538 ,QWERTYUIOP09,9128283H1,BUY,20000000,99-040,DONE,
2023-12-24 20:28:28.538 ,QWERTYUIOP10,9128283H1,SELL,10000000,100-000,RECEIVED,
2023-12-24 20:28:28.538 ,QWERTYUIOP10,9128283H1,SELL,10000000,99-177,DONE,
2023-12-24 20:28:28.538 ,QWERTYUIOP10,9128283H1,SELL,10000000,99-177,DONE,
2023-12-24 20:28:28.538 ,ASDFGHJKLZ01,9128283L2,BUY,10000000,100-000,RECEIVED,
2023-12-24 20:28:28.538 ,ASDFGHJKLZ01,9128283L2,BUY,10000000,100-086,DONE,
2023-12-24 20:28:28.538 ,ASDFGHJKLZ01,9128283L2,BUY,10000000,100-086,DONE,
2023-12-24 20:28:28.538 ,ASDFGHJKLZ02,9128283L2,SELL,20000000,100-000,RECEIVED,
2023-12-24 20:28:28.538 ,ASDFGHJKLZ02,9128283L2,SELL,20000000,100-061,DONE,
2023-12-24 20:28:28.538 ,ASDFGHJKLZ02,9128283L2,SELL,20000000,100-061,DONE,
2023-12-24 20:28:28.538 ,ASDFGHJKLZ03,9128283L2,BUY,30000000,100-000,RECEIVED,
2023-12-24 20:28:28.538 ,ASDFGHJKLZ03,9128283L2,BUY,30000000,100-103,DONE,
2023-12-24 20:28:28.538 ,ASDFGHJKLZ03,9128283L2,BUY,30000000,100-103,DONE,
2023-12-24 20:28:28.538 ,ASDFGHJKLZ04,9128283L2,SELL,40000000,100-000,RECEIVED,
2023-12-24 20:28:28.538 ,ASDFGHJKLZ04,9128283L2,SELL,40000000,100-000,DONE,
2023-12-24 20:28:28.538 ,ASDFGHJKLZ04,9128283L2,SELL,40000000,100-000,DONE,
2023-12-24 20:28:28.538 ,ASDFGHJKLZ05,9128283L2,BUY,50000000,100-000,RECEIVED,
2023-12-24 20:28:28.538 ,ASDFGHJKLZ05,9128283L2,BUY,50000000,100-246,DONE,
2023-12-24 20:28:28.538 ,ASDFGHJKLZ05,9128283L2,BUY,50000000,100-246,DONE,
2023-12-24 20:28:28.538 ,ASDFGHJKLZ06,9128283L2,SELL,50000000,100-000,RECEIVED,
2023-12-24 20:28:28.538 ,ASDFGHJKLZ06,9128283L2,SELL,50000000,99-001,DONE,
2023-12-24 20:28:28.539 ,ASDFGHJKLZ06,9128283L2,SELL,50000000,99-001,DONE,
2023-12-24 20:28:28.539 ,ASDFGHJKLZ07,9128283L2,BUY,40000000,100-000,RECEIVED,
2023-12-24 20:28:28.539 ,ASDFGHJKLZ07,9128283L2,BUY,40000000,99-18+,DONE,
2023-12-24 20:28:28.539 ,ASDFGHJKLZ07,9128283L2,BUY,40000000,99-18+,DONE,
2023-12-24 20:28:28.539 ,ASDFGHJKLZ08,9128283L2,SELL,30000000,100-000,RECEIVED,
2023-12-24 20:28:28.539 ,ASDFGHJKLZ08,9128283L2,SELL,30000000,99-015,DONE,
2023-12-24 20:28:28.539 ,ASDFGHJKLZ08,9128283L2,SELL,30000000,99-015,DONE,
2023-12-24 20:28:28.539 ,ASDFGHJKLZ09,9128283L2,BUY,20000000,100-000,RECEIVED,
2023-12-24 20:28:28.539 ,ASDFGHJKLZ09,9128283L2,BUY,20000000,100-272,DONE,
2023-12-24 20:28:28.540 ,ASDFGHJKLZ09,9128283L2,BUY,20000000,100-272,DONE,
2023-12-24 20:28:28.540 ,ASDFGHJKLZ10,9128283L2,SELL,10000000,100-000,RECEIVED,
2023-12-24 20:28:28.540 ,ASDFGHJKLZ10,9128283L2,SELL,10000000,100-197,DONE,
2023-12-24 20:28:28.540 ,ASDFGHJKLZ10,9128283L2,SELL,10000000,100-197,DONE,
2023-12-24 20:28:28.540 ,XCVBNMPOIU01,912828M80,BUY,10000000,100-000,RECEIVED,
2023-12-24 20:28:28.540 ,XCVBNMPOIU01,912828M80,BUY,10000000,99-27+,DONE,
2023-12-24 20:28:28.540 ,XCVBNMPOIU01,912828M80,BUY,10000000,99-27+,DONE,
2023-12-24 20:28:28.540 ,XCVBNMPOIU02,912828M80,SELL,20000000,100-000,RECEIVED,
2023-12-24 20:28:28.540 ,XCVBNMPOIU02,912828M80,SELL,20000000,100-061,DONE,
2023-12-24 20:28:28.540 ,XCVBNMPOIU02,912828M80,SELL,20000000,100-061,DONE,
2023-12-24 20:28:28.541 ,XCVBNMPOIU03,912828M80,BUY,30000000,100-000,RECEIVED,
2023-12-24 20:28:28.541 ,XCVBNMPOIU03,912828M80,BUY,30000000,99-053,DONE,
2023-12-24 20:28:28.541 ,XCVBNMPOIU03,912828M80,BUY,30000000,99-053,DONE,
2023-12-24 20:28:28.541 ,XCVBNMPOIU04,912828M80,SELL,40000000,100-000,RECEIVED,
2023-12-24 20:28:28.541 ,XCVBNMPOIU04,912828M80,SELL,40000000,99-086,DONE,
2023-12-24 20:28:28.541 ,XCVBNMPOIU04,912828M80,SELL,40000000,99-086,DONE,
2023-12-24 20:28:28.541 ,XCVBNMPOIU05,912828M80,BUY,50000000,100-000,RECEIVED,
2023-12-24 20:28:28.541 ,XCVBNMPOIU05,912828M80,BUY,50000000,99-11+,DONE,
2023-12-24 20:28:28.541 ,XCVBNMPOIU05,912828M80,BUY,50000000,99-11+,DONE,
2023-12-24 20:28:28.541 ,XCVBNMPOIU06,912828M80,SELL,50000000,100-000,RECEIVED,
2023-12-24 20:28:28.541 ,XCVBNMPOIU06,912828M80,SELL,50000000,100-101,DONE,
2023-12-24 20:28:28.541 ,XCVBNMPOIU06,912828M80,SELL,50000000,100-101,DONE,
2023-12-24 20:28:28.541 ,XCVBNMPOIU07,912828M80,BUY,40000000,100-000,RECEIVED,
2023-12-24 20:28:28.541 ,XCVBNMPOIU07,912828M80,BUY,40000000,100-261,DONE,
2023-12-24 20:28:28.541 ,XCVBNMPOIU07,912828M80,BUY,40000000,100-261,DONE,
2023-12-24 20:28:28.541 ,XCVBNMPOIU08,912828M80,SELL,30000000,100-000,RECEIVED,
2023-12-24 20:28:28.541 ,XCVBNMPOIU08,912828M80,SELL,30000000,100-242,DONE,
2023-12-24 20:28:28.541 ,XCVBNMPOIU08,912828M80,SELL,30000000,100-242,DONE,
2023-12-24 20:28:28.541 ,XCVBNMPOIU09,912828M80,BUY,20000000,100-000,RECEIVED,
2023-12-24 20:28:28.541 ,XCVBNMPOIU09,912828M80,BUY,20000000,100-292,DONE,
2023-12-24 20:28:28.541 ,XCVBNMPOIU09,912828M80,BUY,20000000,100-292,DONE,
2023-12-24 20:28:28.541 ,XCVBNMPOIU10,912828M80,SELL,10000000,100-000,RECEIVED,
2023-12-24 20:28:28.541 ,XCVBNMPOIU10,912828M80,SELL,10000000,99-097,DONE,
2023-12-24 20:28:28.541 ,XCVBNMPOIU10,912828M80,SELL,10000000,99-097,DONE,
2023-12-24 20:28:28.541 ,YTREWQLKJH01,9128283J7,BUY,10000000,100-000,RECEIVED,
2023-12-24 20:28:28.541 ,YTREWQLKJH01,9128283J7,BUY,10000000,100-140,DONE,
2023-12-24 20:28:28.541 ,YTREWQLKJH01,9128283J7,BUY,10000000,100-140,DONE,
2023-12-24 20:28:28.542 ,YTREWQLKJH02,9128283J7,SELL,20000000,100-000,RECEIVED,
2023-12-24 20:28:28.542 ,YTREWQLKJH02,9128283J7,SELL,20000000,99-187,DONE,
2023-12-24 20:28:28.542 ,YTREWQLKJH02,9128283J7,SELL,20000000,99-187,DONE,
2023-12-24 20:28:28.542 ,YTREWQLKJH03,9128283J7,BUY,30000000,100-000,RECEIVED,
2023-12-24 20:28:28.542 ,YTREWQLKJH03,9128283J7,BUY,30000000,100-121,DONE,
2023-12-24 20:28:28.542 ,YTREWQLKJH03,9128283J7,BUY,30000000,100-121,DONE,
2023-12-24 20:28:28.542 ,YTREWQLKJH04,9128283J7,SELL,40000000,100-000,RECEIVED,
2023-12-24 20:28:28.542 ,YTREWQLKJH04,9128283J7,SELL,40000000,99-046,DONE,
2023-12-24 20:28:28.542 ,YTREWQLKJH04,9128283J7,SELL,40000000,99-046,DONE,
2023-12-24 20:28:28.542 ,YTREWQLKJH05,9128283J7,BUY,50000000,100-000,RECEIVED,
2023-12-24 20:28:28.542 ,YTREWQLKJH05,9128283J7,BUY,50000000,99-291,DONE,
2023-12-24 20:28:28.542 ,YTREWQLKJH05,9128283J7,BUY,50000000,99-291,DONE,
2023-12-24 20:28:28.542 ,YTREWQLKJH06,9128283J7,SELL,50000000,100-000,RECEIVED,
2023-12-24 20:28:28.542 ,YTREWQLKJH06,9128283J7,SELL,50000000,100-052,DONE,
2023-12-24 20:28:28.542 ,YTREWQLKJH06,9128283J7,SELL,50000000,100-052,DONE,
2023-12-24 20:28:28.542 ,YTREWQLKJH07,9128283J7,BUY,40000000,100-000,RECEIVED,
2023-12-24 20:28:28.542 ,YTREWQLKJH07,9128283J7,BUY,40000000,100-16+,DONE,
2023-12-24 20:28:28.542 ,YTREWQLKJH07,9128283J7,BUY,40000000,100-16+,DONE,
2023-12-24 20:28:28.542 ,YTREWQLKJH08,9128283J7,SELL,30000000,100-000,RECEIVED,
2023-12-24 20:28:28.542 ,YTREWQLKJH08,9128283J7,SELL,30000000,99-315,DONE,
2023-12-24 20:28:28.542 ,YTREWQLKJH08,9128283J7,SELL,30000000,99-315,DONE,
2023-12-24 20:28:28.542 ,YTREWQLKJH09,9128283J7,BUY,20000000,100-000,RECEIVED,
2023-12-24 20:28:28.542 ,YTREWQLKJH09,9128283J7,BUY,20000000,100-220,DONE,
2023-12-24 20:28:28.542 ,YTREWQLKJH09,9128283J7,BUY,20000000,100-220,DONE,
2023-12-24 20:28:28.542 ,YTREWQLKJH10,9128283J7,SELL,10000000,100-000,RECEIVED,
2023-12-24 20:28:28.542 ,YTREWQLKJH10,9128283J7,SELL,10000000,100-277,DONE,
2023-12-24 20:28:28.542 ,YTREWQLKJH10,9128283J7,SELL,10000000,100-277,DONE,
2023-12-24 20:28:28.542 ,GFDSAMNBVC01,9128283F5,BUY,10000000,100-000,RECEIVED,
2023-12-24 20:28:28.542 ,GFDSAMNBVC01,9128283F5,BUY,10000000,100-166,DONE,
2023-12-24 20:28:28.542 ,GFDSAMNBVC01,9128283F5,BUY,10000000,100-166,DONE,
2023-12-24 20:28:28.542 ,GFDSAMNBVC02,9128283F5,SELL,20000000,100-000,RECEIVED,
2023-12-24 20:28:28.543 ,GFDSAMNBVC02,9128283F5,SELL,20000000,100-040,DONE,
2023-12-24 20:28:28.543 ,GFDSAMNBVC02,9128283F5,SELL,20000000,100-040,DONE,
2023-12-24 20:28:28.543 ,GFDSAMNBVC03,9128283F5,BUY,30000000,100-000,RECEIVED,
2023-12-24 20:28:28.543 ,GFDSAMNBVC03,9128283F5,BUY,30000000,99-161,DONE,
2023-12-24 20:28:28.543 ,GFDSAMNBVC03,9128283F5,BUY,30000000,99-161,DONE,
2023-12-24 20:28:28.543 ,GFDSAMNBVC04,9128283F5,SELL,40000000,100-000,RECEIVED,
2023-12-24 20:28:28.543 ,GFDSAMNBVC04,9128283F5,SELL,40000000,100-29+,DONE,
2023-12-24 20:28:28.543 ,GFDSAMNBVC04,9128283F5,SELL,40000000,100-29+,DONE,
2023-12-24 20:28:28.543 ,GFDSAMNBVC05,9128283F5,BUY,50000000,100-000,RECEIVED,
2023-12-24 20:28:28.543 ,GFDSAMNBVC05,9128283F5,BUY,50000000,99-052,DONE,
2023-12-24 20:28:28.543 ,GFDSAMNBVC05,9128283F5,BUY,50000000,99-052,DONE,
2023-12-24 20:28:28.543 ,GFDSAMNBVC06,9128283F5,SELL,50000000,100-000,RECEIVED,
2023-12-24 20:28:28.543 ,GFDSAMNBVC06,9128283F5,SELL,50000000,100-20+,DONE,
2023-12-24 20:28:28.543 ,GFDSAMNBVC06,9128283F5,SELL,50000000,100-20+,DONE,
2023-12-24 20:28:28.543 ,GFDSAMNBVC07,9128283F5,BUY,40000000,100-000,RECEIVED,
2023-12-24 20:28:28.543 ,GFDSAMNBVC07,9128283F5,BUY,40000000,99-023,DONE,
2023-12-24 20:28:28.543 ,GFDSAMNBVC07,9128283F5,BUY,40000000,99-023,DONE,
2023-12-24 20:28:28.543 ,GFDSAMNBVC08,9128283F5,SELL,30000000,100-000,RECEIVED,
2023-12-24 20:28:28.543 ,GFDSAMNBVC08,9128283F5,SELL,30000000,99-086,DONE,
2023-12-24 20:28:28.543 ,GFDSAMNBVC08,9128283F5,SELL,30000000,99-086,DONE,
2023-12-24 20:28:28.543 ,GFDSAMNBVC09,9128283F5,BUY,20000000,100-000,RECEIVED,
2023-12-24 20:28:28.543 ,GFDSAMNBVC09,9128283F5,BUY,20000000,99-075,DONE,
2023-12-24 20:28:28.543 ,GFDSAMNBVC09,9128283F5,BUY,20000000,99-075,DONE,
2023-12-24 20:28:28.543 ,GFDSAMNBVC10,9128283F5,SELL,10000000,100-000,RECEIVED,
2023-12-24 20:28:28.543 ,GFDSAMNBVC10,9128283F5,SELL,10000000,99-035,DONE,
2023-12-24 20:28:28.543 ,GFDSAMNBVC10,9128283F5,SELL,10000000,99-035,DONE,
2023-12-24 20:28:28.543 ,XZQWERTYUI01,912810RZ3,BUY,10000000,100-000,RECEIVED,
2023-12-24 20:28:28.543 ,XZQWERTYUI01,912810RZ3,BUY,10000000,100-013,DONE,
2023-12-24 20:28:28.543 ,XZQWERTYUI01,912810RZ3,BUY,10000000,100-013,DONE,
2023-12-24 20:28:28.543 ,XZQWERTYUI02,912810RZ3,SELL,20000000,100-000,RECEIVED,
2023-12-24 20:28:28.544 ,XZQWERTYUI02,912810RZ3,SELL,20000000,99-245,DONE,
2023-12-24 20:28:28.544 ,XZQWERTYUI02,912810RZ3,SELL,20000000,99-245,DONE,
2023-12-24 20:28:28.544 ,XZQWERTYUI03,912810RZ3,BUY,30000000,100-000,RECEIVED,
2023-12-24 20:28:28.544 ,XZQWERTYUI03,912810RZ3,BUY,30000000,99-002,DONE,
2023-12-24 20:28:28.544 ,XZQWERTYUI03,912810RZ3,BUY,30000000,99-002,DONE,
2023-12-24 20:28:28.544 ,XZQWERTYUI04,912810RZ3,SELL,40000000,100-000,RECEIVED,
2023-12-24 20:28:28.544 ,XZQWERTYUI04,912810RZ3,SELL,40000000,100-277,DONE,
2023-12-24 20:28:28.544 ,XZQWERTYUI04,912810RZ3,SELL,40000000,100-277,DONE,
2023-12-24 20:28:28.544 ,XZQWERTYUI05,912810RZ3,BUY,50000000,100-000,RECEIVED,
2023-12-24 20:28:28.544 ,XZQWERTYUI05,912810RZ3,BUY,50000000,100-047,DONE,
2023-12-24 20:28:28.544 ,XZQWERTYUI05,912810RZ3,BUY,50000000,100-047,DONE,
2023-12-24 20:28:28.545 ,XZQWERTYUI06,912810RZ3,SELL,50000000,100-000,RECEIVED,
2023-12-24 20:28:28.545 ,XZQWERTYUI06,912810RZ3,SELL,50000000,100-013,DONE,
2023-12-24 20:28:28.545 ,XZQWERTYUI06,912810RZ3,SELL,50000000,100-013,DONE,
2023-12-24 20:28:28.545 ,XZQWERTYUI07,912810RZ3,BUY,40000000,100-000,RECEIVED,
2023-12-24 20:28:28.545 ,XZQWERTYUI07,912810RZ3,BUY,40000000,99-166,DONE,
2023-12-24 20:28:28.545 ,XZQWERTYUI07,912810RZ3,BUY,40000000,99-166,DONE,
2023-12-24 20:28:28.545 ,XZQWERTYUI08,912810RZ3,SELL,30000000,100-000,RECEIVED,
2023-12-24 20:28:28.545 ,XZQWERTYUI08,912810RZ3,SELL,30000000,100-075,DONE,
2023-12-24 20:28:28.545 ,XZQWERTYUI08,912810RZ3,SELL,30000000,100-075,DONE,
2023-12-24 20:28:28.545 ,XZQWERTYUI09,912810RZ3,BUY,20000000,100-000,RECEIVED,
2023-12-24 20:28:28.545 ,XZQWERTYUI09,912810RZ3,BUY,20000000,100-012,DONE,
2023-12-24 20:28:28.545 ,XZQWERTYUI09,912810RZ3,BUY,20000000,100-012,DONE,
2023-12-24 20:28:28.545 ,XZQWERTYUI10,912810RZ3,SELL,10000000,100-000,RECEIVED,
2023-12-24 20:28:28.546 ,XZQWERTYUI10,912810RZ3,SELL,10000000,100-103,DONE,
2023-12-24 20:28:28.546 ,XZQWERTYUI10,912810RZ3,SELL,10000000,100-103,DONE,
2023-12-24 20:29:20.550 ,QWERTYUIOP01,9128283H1,BUY,10000000,100-000,RECEIVED,
2023-12-24 20:29:20.550 ,QWERTYUIOP01,9128283H1,BUY,10000000,99-281,DONE,
2023-12-24 20:29:20.550 ,QWERTYUIOP01,9128283H1,BUY,10000000,99-281,DONE,
2023-12-24 20:29:20.550 ,QWERTYUIOP02,9128283H1,SELL,20000000,100-000,RECEIVED,
2023-12-24 20:29:20.550 ,QWERTYUIOP02,9128283H1,SELL,20000000,99-123,DONE,
2023-12-24 20:29:20.550 ,QWERTYUIOP02,9128283H1,SELL,20000000,99-123,DONE,
2023-12-24 20:29:20.550 ,QWERTYUIOP03,9128283H1,BUY,30000000,100-000,RECEIVED,
2023-12-24 20:29:20.550 ,QWERTYUIOP03,9128283H1,BUY,30000000,99-287,DONE,
2023-12-24 20:29:20.550 ,QWERTYUIOP03,9128283H1,BUY,30000000,99-287,DONE,
2023-12-24 20:29:20.550 ,QWERTYUIOP04,9128283H1,SELL,40000000,100-000,RECEIVED,
2023-12-24 20:29:20.550 ,QWERTYUIOP04,9128283H1,SELL,40000000,99-255,DONE,
2023-12-24 20:29:20.550 ,QWERTYUIOP04,9128283H1,SELL,40000000,99-255,DONE,
2023-12-24 20:29:20.550 ,QWERTYUIOP05,9128283H1,BUY,50000000,100-000,RECEIVED,
2023-12-24 20:29:20.550 ,QWERTYUIOP05,9128283H1,BUY,50000000,100-263,DONE,
2023-12-24 20:29:20.550 ,QWERTYUIOP05,9128283H1,BUY,50000000,100-263,DONE,
2023-12-24 20:29:20.551 ,QWERTYUIOP06,9128283H1,SELL,50000000,100-000,RECEIVED,
2023-12-24 20:29:20.551 ,QWERTYUIOP06,9128283H1,SELL,50000000,99-147,DONE,
2023-12-24 20:29:20.551 ,QWERTYUIOP06,9128283H1,SELL,50000000,99-147,DONE,
2023-12-24 20:29:20.551 ,QWERTYUIOP07,9128283H1,BUY,40000000,100-000,RECEIVED,
2023-12-24 20:29:20.551 ,QWERTYUIOP07,9128283H1,BUY,40000000,99-093,DONE,
2023-12-24 20:29:20.551 ,QWERTYUIOP07,9128283H1,BUY,40000000,99-093,DONE,
2023-12-24 20:29:20.551 ,QWERTYUIOP08,9128283H1,SELL,30000000,100-000,RECEIVED,
2023-12-24 20:29:20.551 ,QWERTYUIOP08,9128283H1,SELL,30000000,99-020,DONE,
2023-12-24 20:29:20.551 ,QWERTYUIOP08,9128283H1,SELL,30000000,99-020,DONE,
2023-12-24 20:29:20.551 ,QWERTYUIOP09,9128283H1,BUY,20000000,100-000,RECEIVED,
2023-12-24 20:29:20.551 ,QWERTYUIOP09,9128283H1,BUY,20000000,99-040,DONE,
2023-12-24 20:29:20.551 ,QWERTYUIOP09,9128283H1,BUY,20000000,99-040,DONE,
2023-12-24 20:29:20.551 ,QWERTYUIOP10,9128283H1,SELL,10000000,100-000,RECEIVED,
2023-12-24 20:29:20.551 ,QWERTYUIOP10,9128283H1,SELL,10000000,99-177,DONE,
2023-12-24 20:29:20.551 ,QWERTYUIOP10,9128283H1,SELL,10000000,99-177,DONE,
2023-12-24 20:29:20.551 ,ASDFGHJKLZ01,9128283L2,BUY,10000000,100-000,RECEIVED,
2023-12-24 20:29:20.551 ,ASDFGHJKLZ01,9128283L2,BUY,10000000,100-086,DONE,
2023-12-24 20:29:20.551 ,ASDFGHJKLZ01,9128283L2,BUY,10000000,100-086,DONE,
2023-12-24 20:29:20.551 ,ASDFGHJKLZ02,9128283L2,SELL,20000000,100-000,RECEIVED,
2023-12-24 20:29:20.551 ,ASDFGHJKLZ02,9128283L2,SELL,20000000,100-061,DONE,
2023-12-24 20:29:20.551 ,ASDFGHJKLZ02,9128283L2,SELL,20000000,100-061,DONE,
2023-12-24 20:29:20.551 ,ASDFGHJKLZ03,9128283L2,BUY,30000000,100-000,RECEIVED,
2023-12-24 20:29:20.551 ,ASDFGHJKLZ03,9128283L2,BUY,30000000,100-103,DONE,
2023-12-24 20:29:20.551 ,ASDFGHJKLZ03,9128283L2,BUY,30000000,100-103,DONE,
2023-12-24 20:29:20.551 ,ASDFGHJKLZ04,9128283L2,SELL,40000000,100-000,RECEIVED,
2023-12-24 20:29:20.551 ,ASDFGHJKLZ04,9128283L2,SELL,40000000,100-000,DONE,
2023-12-24 20:29:20.551 ,ASDFGHJKLZ04,9128283L2,SELL,40000000,100-000,DONE,
2023-12-24 20:29:20.551 ,ASDFGHJKLZ05,9128283L2,BUY,50000000,100-000,RECEIVED,
2023-12-24 20:29:20.551 ,ASDFGHJKLZ05,9128283L2,BUY,50000000,100-246,DONE,
2023-12-24 20:29:20.551 ,ASDFGHJKLZ05,9128283L2,BUY,50000000,100-246,DONE,
2023-12-24 20:29:20.551 ,ASDFGHJKLZ06,9128283L2,SELL,50000000,100-000,RECEIVED,
2023-12-24 20:29:20.551 ,ASDFGHJKLZ06,9128283L2,SELL,50000000,99-001,DONE,
2023-12-24 20:29:20.551 ,ASDFGHJKLZ06,9128283L2,SELL,50000000,99-001,DONE,
2023-12-24 20:29:20.551 ,ASDFGHJKLZ07,9128283L2,BUY,40000000,100-000,RECEIVED,
2023-12-24 20:29:20.551 ,ASDFGHJKLZ07,9128283L2,BUY,40000000,99-18+,DONE,
2023-12-24 20:29:20.551 ,ASDFGHJKLZ07,9128283L2,BUY,40000000,99-18+,DONE,
2023-12-24 20:29:20.552 ,ASDFGHJKLZ08,9128283L2,SELL,30000000,100-000,RECEIVED,
2023-12-24 20:29:20.552 ,ASDFGHJKLZ08,9128283L2,SELL,30000000,99-015,DONE,
2023-12-24 20:29:20.552 ,ASDFGHJKLZ08,9128283L2,SELL,30000000,99-015,DONE,
2023-12-24 20:29:20.552 ,ASDFGHJKLZ09,9128283L2,BUY,20000000,100-000,RECEIVED,
2023-12-24 20:29:20.552 ,ASDFGHJKLZ09,9128283L2,BUY,20000000,100-272,DONE,
2023-12-24 20:29:20.552 ,ASDFGHJKLZ09,9128283L2,BUY,20000000,100-272,DONE,
2023-12-24 20:29:20.552 ,ASDFGHJKLZ10,9128283L2,SELL,10000000,100-000,RECEIVED,
2023-12-24 20:29:20.552 ,ASDFGHJKLZ10,9128283L2,SELL,10000000,100-197,DONE,
2023-12-24 20:29:20.552 ,ASDFGHJKLZ10,9128283L2,SELL,10000000,100-197,DONE,
2023-12-24 20:29:20.552 ,XCVBNMPOIU01,912828M80,BUY,10000000,100-000,RECEIVED,
2023-12-24 20:29:20.552 ,XCVBNMPOIU01,912828M80,BUY,10000000,99-27+,DONE,
2023-12-24 20:29:20.552 ,XCVBNMPOIU01,912828M80,BUY,10000000,99-27+,DONE,
2023-12-24 20:29:20.552 ,XCVBNMPOIU02,912828M80,SELL,20000000,100-000,RECEIVED,
2023-12-24 20:29:20.552 ,XCVBNMPOIU02,912828M80,SELL,20000000,100-061,DONE,
2023-12-24 20:29:20.552 ,XCVBNMPOIU02,912828M80,SELL,20000000,100-061,DONE,
2023-12-24 20:29:20.552 ,XCVBNMPOIU03,912828M80,BUY,30000000,100-000,RECEIVED,
2023-12-24 20:29:20.552 ,XCVBNMPOIU03,912828M80,BUY,30000000,99-053,DONE,
2023-12-24 20:29:20.552 ,XCVBNMPOIU03,912828M80,BUY,30000000,99-053,DONE,
2023-12-24 20:29:20.552 ,XCVBNMPOIU04,912828M80,SELL,40000000,100-000,RECEIVED,
2023-12-24 20:29:20.552 ,XCVBNMPOIU04,912828M80,SELL,40000000,99-086,DONE,
2023-12-24 20:29:20.552 ,XCVBNMPOIU04,912828M80,SELL,40000000,99-086,DONE,
2023-12-24 20:29:20.552 ,XCVBNMPOIU05,912828M80,BUY,50000000,100-000,RECEIVED,
2023-12-24 20:29:20.552 ,XCVBNMPOIU05,912828M80,BUY,50000000,99-11+,DONE,
2023-12-24 20:29:20.552 ,XCVBNMPOIU05,912828M80,BUY,50000000,99-11+,DONE,
2023-12-24 20:29:20.552 ,XCVBNMPOIU06,912828M80,SELL,50000000,100-000,RECEIVED,
2023-12-24 20:29:20.552 ,XCVBNMPOIU06,912828M80,SELL,50000000,100-101,DONE,
2023-12-24 20:29:20.552 ,XCVBNMPOIU06,912828M80,SELL,50000000,100-101,DONE,
2023-12-24 20:29:20.552 ,XCVBNMPOIU07,912828M80,BUY,40000000,100-000,RECEIVED,
2023-12-24 20:29:20.552 ,XCVBNMPOIU07,912828M80,BUY,40000000,100-261,DONE,
2023-12-24 20:29:20.552 ,XCVBNMPOIU07,912828M80,BUY,40000000,100-261,DONE,
2023-12-24 20:29:20.552 ,XCVBNMPOIU08,912828M80,SELL,30000000,100-000,RECEIVED,
2023-12-24 20:29:20.552 ,XCVBNMPOIU08,912828M80,SELL,30000000,100-242,DONE,
2023-12-24 20:29:20.552 ,XCVBNMPOIU08,912828M80,SELL,30000000,100-242,DONE,
2023-12-24 20:29:20.552 ,XCVBNMPOIU09,912828M80,BUY,20000000,100-000,RECEIVED,
2023-12-24 20:29:20.552 ,XCVBNMPOIU09,912828M80,BUY,20000000,100-292,DONE,
2023-12-24 20:29:20.552 ,XCVBNMPOIU09,912828M80,BUY,20000000,100-292,DONE,
2023-12-24 20:29:20.553 ,XCVBNMPOIU10,912828M80,SELL,10000000,100-000,RECEIVED,
2023-12-24 20:29:20.553 ,XCVBNMPOIU10,912828M80,SELL,10000000,99-097,DONE,
2023-12-24 20:29:20.553 ,XCVBNMPOIU10,912828M80,SELL,10000000,99-097,DONE,
2023-12-24 20:29:20.553 ,YTREWQLKJH01,9128283J7,BUY,10000000,100-000,RECEIVED,
2023-12-24 20:29:20.553 ,YTREWQLKJH01,9128283J7,BUY,10000000,100-140,DONE,
2023-12-24 20:29:20.553 ,YTREWQLKJH01,9128283J7,BUY,10000000,100-140,DONE,
2023-12-24 20:29:20.553 ,YTREWQLKJH02,9128283J7,SELL,20000000,100-000,RECEIVED,
2023-12-24 20:29:20.553 ,YTREWQLKJH02,9128283J7,SELL,20000000,99-187,DONE,
2023-12-24 20:29:20.553 ,YTREWQLKJH02,9128283J7,SELL,20000000,99-187,DONE,
2023-12-24 20:29:20.553 ,YTREWQLKJH03,9128283J7,BUY,30000000,100-000,RECEIVED,
2023-12-24 20:29:20.553 ,YTREWQLKJH03,9128283J7,BUY,30000000,100-121,DONE,
2023-12-24 20:29:20.553 ,YTREWQLKJH03,9128283J7,BUY,30000000,100-121,DONE,
2023-12-24 20:29:20.553 ,YTREWQLKJH04,9128283J7,SELL,40000000,100-000,RECEIVED,
2023-12-24 20:29:20.553 ,YTREWQLKJH04,9128283J7,SELL,40000000,99-046,DONE,
2023-12-24 20:29:20.553 ,YTREWQLKJH04,9128283J7,SELL,40000000,99-046,DONE,
2023-12-24 20:29:20.553 ,YTREWQLKJH05,9128283J7,BUY,50000000,100-000,RECEIVED,
2023-12-24 20:29:20.553 ,YTREWQLKJH05,9128283J7,BUY,50000000,99-291,DONE,
2023-12-24 20:29:20.553 ,YTREWQLKJH05,9128283J7,BUY,50000000,99-291,DONE,
2023-12-24 20:29:20.553 ,YTREWQLKJH06,9128283J7,SELL,50000000,100-000,RECEIVED,
2023-12-24 20:29:20.553 ,YTREWQLKJH06,9128283J7,SELL,50000000,100-052,DONE,
2023-12-24 20:29:20.553 ,YTREWQLKJH06,9128283J7,SELL,50000000,100-052,DONE,
2023-12-24 20:29:20.553 ,YTREWQLKJH07,9128283J7,BUY,40000000,100-000,RECEIVED,
2023-12-24 20:29:20.553 ,YTREWQLKJH07,9128283J7,BUY,40000000,100-16+,DONE,
2023-12-24 20:29:20.553 ,YTREWQLKJH07,9128283J7,BUY,40000000,100-16+,DONE,
2023-12-24 20:29:20.553 ,YTREWQLKJH08,9128283J7,SELL,30000000,100-000,RECEIVED,
2023-12-24 20:29:20.553 ,YTREWQLKJH08,9128283J7,SELL,30000000,99-315,DONE,
2023-12-24 20:29:20.553 ,YTREWQLKJH08,9128283J7,SELL,30000000,99-315,DONE,
2023-12-24 20:29:20.553 ,YTREWQLKJH09,9128283J7,BUY,20000000,100-000,RECEIVED,
2023-12-24 20:29:20.553 ,YTREWQLKJH09,9128283J7,BUY,20000000,100-220,DONE,
2023-12-24 20:29:20.553 ,YTREWQLKJH09,9128283J7,BUY,20000000,100-220,DONE,
2023-12-24 20:29:20.553 ,YTREWQLKJH10,9128283J7,SELL,10000000,100-000,RECEIVED,
2023-12-24 20:29:20.553 ,YTREWQLKJH10,9128283J7,SELL,10000000,100-277,DONE,
2023-12-24 20:29:20.553 ,YTREWQLKJH10,9128283J7,SELL,10000000,100-277,DONE,
2023-12-24 20:29:20.554 ,GFDSAMNBVC01,9128283F5,BUY,10000000,100-000,RECEIVED,
2023-12-24 20:29:20.554 ,GFDSAMNBVC01,9128283F5,BUY,10000000,100-166,DONE,
2023-12-24 20:29:20.554 ,GFDSAMNBVC01,9128283F5,BUY,10000000,100-166,DONE,
2023-12-24 20:29:20.554 ,GFDSAMNBVC02,9128283F5,SELL,20000000,100-000,RECEIVED,
2023-12-24 20:29:20.554 ,GFDSAMNBVC02,9128283F5,SELL,20000000,100-040,DONE,
2023-12-24 20:29:20.554 ,GFDSAMNBVC02,9128283F5,SELL,20000000,100-040,DONE,
2023-12-24 20:29:20.554 ,GFDSAMNBVC03,9128283F5,BUY,30000000,100-000,RECEIVED,
2023-12-24 20:29:20.554 ,GFDSAMNBVC03,9128283F5,BUY,30000000,99-161,DONE,
2023-12-24 20:29:20.554 ,GFDSAMNBVC03,9128283F5,BUY,30000000,99-161,DONE,
2023-12-24 20:29:20.554 ,GFDSAMNBVC04,9128283F5,SELL,40000000,100-000,RECEIVED,
2023-12-24 20:29:20.554 ,GFDSAMNBVC04,9128283F5,SELL,40000000,100-29+,DONE,
2023-12-24 20:29:20.554 ,GFDSAMNBVC04,9128283F5,SELL,40000000,100-29+,DONE,
2023-12-24 20:29:20.554 ,GFDSAMNBVC05,9128283F5,BUY,50000000,100-000,RECEIVED,
2023-12-24 20:29:20.554 ,GFDSAMNBVC05,9128283F5,BUY,50000000,99-052,DONE,
2023-12-24 20:29:20.554 ,GFDSAMNBVC05,9128283F5,BUY,50000000,99-052,DONE,
2023-12-24 20:29:20.554 ,GFDSAMNBVC06,9128283F5,SELL,50000000,100-000,RECEIVED,
2023-12-24 20:29:20.554 ,GFDSAMNBVC06,9128283F5,SELL,50000000,100-20+,DONE,
2023-12-24 20:29:20.554 ,GFDSAMNBVC06,9128283F5,SELL,50000000,100-20+,DONE,
2023-12-24 20:29:20.554 ,GFDSAMNBVC07,9128283F5,BUY,40000000,100-000,RECEIVED,
2023-12-24 20:29:20.554 ,GFDSAMNBVC07,9128283F5,BUY,40000000,99-023,DONE,
2023-12-24 20:29:20.554 ,GFDSAMNBVC07,9128283F5,BUY,40000000,99-023,DONE,
2023-12-24 20:29:20.554 ,GFDSAMNBVC08,9128283F5,SELL,30000000,100-000,RECEIVED,
2023-12-24 20:29:20.554 ,GFDSAMNBVC08,9128283F5,SELL,30000000,99-086,DONE,
2023-12-24 20:29:20.554 ,GFDSAMNBVC08,9128283F5,SELL,30000000,99-086,DONE,
2023-12-24 20:29:20.554 ,GFDSAMNBVC09,9128283F5,BUY,20000000,100-000,RECEIVED,
2023-12-24 20:29:20.554 ,GFDSAMNBVC09,9128283F5,BUY,20000000,99-075,DONE,
2023-12-24 20:29:20.554 ,GFDSAMNBVC09,9128283F5,BUY,20000000,99-075,DONE,
2023-12-24 20:29:20.554 ,GFDSAMNBVC10,9128283F5,SELL,10000000,100-000,RECEIVED,
2023-12-24 20:29:20.554 ,GFDSAMNBVC10,9128283F5,SELL,10000000,99-035,DONE,
2023-12-24 20:29:20.554 ,GFDSAMNBVC10,9128283F5,SELL,10000000,99-035,DONE,
2023-12-24 20:29:20.554 ,XZQWERTYUI01,912810RZ3,BUY,10000000,100-000,RECEIVED,
2023-12-24 20:29:20.554 ,XZQWERTYUI01,912810RZ3,BUY,10000000,100-013,DONE,
2023-12-24 20:29:20.554 ,XZQWERTYUI01,912810RZ3,BUY,10000000,100-013,DONE,
2023-12-24 20:29:20.554 ,XZQWERTYUI02,912810RZ3,SELL,20000000,100-000,RECEIVED,
2023-12-24 20:29:20.554 ,XZQWERTYUI02,912810RZ3,SELL,20000000,99-245,DONE,
2023-12-24 20:29:20.555 ,XZQWERTYUI02,912810RZ3,SELL,20000000,99-245,DONE,
2023-12-24 20:29:20.555 ,XZQWERTYUI03,912810RZ3,BUY,30000000,100-000,RECEIVED,
2023-12-24 20:29:20.555 ,XZQWERTYUI03,912810RZ3,BUY,30000000,99-002,DONE,
2023-12-24 20:29:20.555 ,XZQWERTYUI03,912810RZ3,BUY,30000000,99-002,DONE,
2023-12-24 20:29:20.555 ,XZQWERTYUI04,912810RZ3,SELL,40000000,100-000,RECEIVED,
2023-12-24 20:29:20.555 ,XZQWERTYUI04,912810RZ3,SELL,40000000,100-277,DONE,
2023-12-24 20:29:20.555 ,XZQWERTYUI04,912810RZ3,SELL,40000000,100-277,DONE,
2023-12-24 20:29:20.555 ,XZQWERTYUI05,912810RZ3,BUY,50000000,100-000,RECEIVED,
2023-12-24 20:29:20.555 ,XZQWERTYUI05,912810RZ3,BUY,50000000,100-047,DONE,
2023-12-24 20:29:20.555 ,XZQWERTYUI05,912810RZ3,BUY,50000000,100-047,DONE,
2023-12-24 20:29:20.555 ,XZQWERTYUI06,912810RZ3,SELL,50000000,100-000,RECEIVED,
2023-12-24 20:29:20.555 ,XZQWERTYUI06,912810RZ3,SELL,50000000,100-013,DONE,
2023-12-24 20:29:20.555 ,XZQWERTYUI06,912810RZ3,SELL,50000000,100-013,DONE,
2023-12-24 20:29:20.555 ,XZQWERTYUI07,912810RZ3,BUY,40000000,100-000,RECEIVED,
2023-12-24 20:29:20.555 ,XZQWERTYUI07,912810RZ3,BUY,40000000,99-166,DONE,
2023-12-24 20:29:20.555 ,XZQWERTYUI07,912810RZ3,BUY,40000000,99-166,DONE,
2023-12-24 20:29:20.555 ,XZQWERTYUI08,912810RZ3,SELL,30000000,100-000,RECEIVED,
2023-12-24 20:29:20.555 ,XZQWERTYUI08,912810RZ3,SELL,30000000,100-075,DONE,
2023-12-24 20:29:20.555 ,XZQWERTYUI08,912810RZ3,SELL,30000000,100-075,DONE,
2023-12-24 20:29:20.555 ,XZQWERTYUI09,912810RZ3,BUY,20000000,100-000,RECEIVED,
2023-12-24 20:29:20.555 ,XZQWERTYUI09,912810RZ3,BUY,20000000,100-012,DONE,
2023-12-24 20:29:20.555 ,XZQWERTYUI09,912810RZ3,BUY,20000000,100-012,DONE,
2023-12-24 20:29:20.555 ,XZQWERTYUI10,912810RZ3,SELL,10000000,100-000,RECEIVED,
2023-12-24 20:29:20.555 ,XZQWERTYUI10,912810RZ3,SELL,10000000,100-103,DONE,
2023-12-24 20:29:20.555 ,XZQWERTYUI10,912810RZ3,SELL,10000000,100-103,DONE,
2023-12-24 20:35:17.340 ,QWERTYUIOP01,9128283H1,BUY,10000000,100-000,RECEIVED,
2023-12-24 20:35:17.340 ,QWERTYUIOP01,9128283H1,BUY,10000000,99-281,DONE,
2023-12-24 20:35:17.340 ,QWERTYUIOP01,9128283H1,BUY,10000000,99-281,DONE,
2023-12-24 20:35:17.340 ,QWERTYUIOP02,9128283H1,SELL,20000000,100-000,RECEIVED,
2023-12-24 20:35:17.340 ,QWERTYUIOP02,9128283H1,SELL,20000000,99-123,DONE,
2023-12-24 20:35:17.341 ,QWERTYUIOP02,9128283H1,SELL,20000000,99-123,DONE,
2023-12-24 20:35:17.341 ,QWERTYUIOP03,9128283H1,BUY,30000000,100-000,RECEIVED,
2023-12-24 20:35:17.341 ,QWERTYUIOP03,9128283H1,BUY,30000000,99-287,DONE,
2023-12-24 20:35:17.341 ,QWERTYUIOP03,9128283H1,BUY,30000000,99-287,DONE,
2023-12-24 20:35:17.341 ,QWERTYUIOP04,9128283H1,SELL,40000000,100-000,RECEIVED,
2023-12-24 20:35:17.341 ,QWERTYUIOP04,9128283H1,SELL,40000000,99-255,DONE,
2023-12-24 20:35:17.341 ,QWERTYUIOP04,9128283H1,SELL,40000000,99-255,DONE,
2023-12-24 20:35:17.341 ,QWERTYUIOP05,9128283H1,BUY,50000000,100-000,RECEIVED,
2023-12-24 20:35:17.341 ,QWERTYUIOP05,9128283H1,BUY,50000000,100-263,DONE,
2023-12-24 20:35:17.341 ,QWERTYUIOP05,9128283H1,BUY,50000000,100-263,DONE,
2023-12-24 20:35:17.341 ,QWERTYUIOP06,9128283H1,SELL,50000000,100-000,RECEIVED,
2023-12-24 20:35:17.341 ,QWERTYUIOP06,9128283H1,SELL,50000000,99-147,DONE,
2023-12-24 20:35:17.341 ,QWERTYUIOP06,9128283H1,SELL,50000000,99-147,DONE,
2023-12-24 20:35:17.341 ,QWERTYUIOP07,9128283H1,BUY,40000000,100-000,RECEIVED,
2023-12-24 20:35:17.341 ,QWERTYUIOP07,9128283H1,BUY,40000000,99-093,DONE,
2023-12-24 20:35:17.341 ,QWERTYUIOP07,9128283H1,BUY,40000000,99-093,DONE,
2023-12-24 20:35:17.341 ,QWERTYUIOP08,9128283H1,SELL,30000000,100-000,RECEIVED,
2023-12-24 20:35:17.341 ,QWERTYUIOP08,9128283H1,SELL,30000000,99-020,DONE,
2023-12-24 20:35:17.341 ,QWERTYUIOP08,9128283H1,SELL,30000000,99-020,DONE,
2023-12-24 20:35:17.341 ,QWERTYUIOP09,9128283H1,BUY,20000000,100-000,RECEIVED,
2023-12-24 20:35:17.341 ,QWERTYUIOP09,9128283H1,BUY,20000000,99-040,DONE,
2023-12-24 20:35:17.341 ,QWERTYUIOP09,9128283H1,BUY,20000000,99-040,DONE,
2023-12-24 20:35:17.341 ,QWERTYUIOP10,9128283H1,SELL,10000000,100-000,RECEIVED,
2023-12-24 20:35:17.341 ,QWERTYUIOP10,9128283H1,SELL,10000000,99-177,DONE,
2023-12-24 20:35:17.342 ,QWERTYUIOP10,9128283H1,SELL,10000000,99-177,DONE,
2023-12-24 20:35:17.342 ,ASDFGHJKLZ01,9128283L2,BUY,10000000,100-000,RECEIVED,
2023-12-24 20:35:17.342 ,ASDFGHJKLZ01,9128283L2,BUY,10000000,100-086,DONE,
2023-12-24 20:35:17.342 ,ASDFGHJKLZ01,9128283L2,BUY,10000000,100-086,DONE,
2023-12-24 20:35:17.342 ,ASDFGHJKLZ02,9128283L2,SELL,20000000,100-000,RECEIVED,
2023-12-24 20:35:17.342 ,ASDFGHJKLZ02,9128283L2,SELL,20000000,100-061,DONE,
2023-12-24 20:35:17.342 ,ASDFGHJKLZ02,9128283L2,SELL,20000000,100-061,DONE,
2023-12-24 20:35:17.342 ,ASDFGHJKLZ03,9128283L2,BUY,30000000,100-000,RECEIVED,
2023-12-24 20:35:17.342 ,ASDFGHJKLZ03,9128283L2,BUY,30000000,100-103,DONE,
2023-12-24 20:35:17.342 ,ASDFGHJKLZ03,9128283L2,BUY,30000000,100-103,DONE,
2023-12-24 20:35:17.342 ,ASDFGHJKLZ04,9128283L2,SELL,40000000,100-000,RECEIVED,
2023-12-24 20:35:17.342 ,ASDFGHJKLZ04,9128283L2,SELL,40000000,100-000,DONE,
2023-12-24 20:35:17.342 ,ASDFGHJKLZ04,9128283L2,SELL,40000000,100-000,DONE,
2023-12-24 20:35:17.342 ,ASDFGHJKLZ05,9128283L2,BUY,50000000,100-000,RECEIVED,
2023-12-24 20:35:17.342 ,ASDFGHJKLZ05,9128283L2,BUY,50000000,100-246,DONE,
2023-12-24 20:35:17.342 ,ASDFGHJKLZ05,9128283L2,BUY,50000000,100-246,DONE,
2023-12-24 20:35:17.342 ,ASDFGHJKLZ06,9128283L2,SELL,50000000,100-000,RECEIVED,
2023-12-24 20:35:17.342 ,ASDFGHJKLZ06,9128283L2,SELL,50000000,99-001,DONE,
2023-12-24 20:35:17.342 ,ASDFGHJKLZ06,9128283L2,SELL,50000000,99-001,DONE,
2023-12-24 20:35:17.342 ,ASDFGHJKLZ07,9128283L2,BUY,40000000,100-000,RECEIVED,
2023-12-24 20:35:17.342 ,ASDFGHJKLZ07,9128283L2,BUY,40000000,99-18+,DONE,
2023-12-24 20:35:17.342 ,ASDFGHJKLZ07,9128283L2,BUY,40000000,99-18+,DONE,
2023-12-24 20:35:17.342 ,ASDFGHJKLZ08,9128283L2,SELL,30000000,100-000,RECEIVED,
2023-12-24 20:35:17.342 ,ASDFGHJKLZ08,9128283L2,SELL,30000000,99-015,DONE,
2023-12-24 20:35:17.342 ,ASDFGHJKLZ08,9128283L2,SELL,30000000,99-015,DONE,
2023-12-24 20:35:17.342 ,ASDFGHJKLZ09,9128283L2,BUY,20000000,100-000,RECEIVED,
2023-12-24 20:35:17.342 ,ASDFGHJKLZ09,9128283L2,BUY,20000000,100-272,DONE,
2023-12-24 20:35:17.342 ,ASDFGHJKLZ09,9128283L2,BUY,20000000,100-272,DONE,
2023-12-24 20:35:17.342 ,ASDFGHJKLZ10,9128283L2,SELL,10000000,100-000,RECEIVED,
2023-12-24 20:35:17.343 ,ASDFGHJKLZ10,9128283L2,SELL,10000000,100-197,DONE,
2023-12-24 20:35:17.343 ,ASDFGHJKLZ10,9128283L2,SELL,10000000,100-197,DONE,
2023-12-24 20:35:17.343 ,XCVBNMPOIU01,912828M80,BUY,10000000,100-000,RECEIVED,
2023-12-24 20:35:17.343 ,XCVBNMPOIU01,912828M80,BUY,10000000,99-27+,DONE,
2023-12-24 20:35:17.343 ,XCVBNMPOIU01,912828M80,BUY,10000000,99-27+,DONE,
2023-12-24 20:35:17.343 ,XCVBNMPOIU02,912828M80,SELL,20000000,100-000,RECEIVED,
2023-12-24 20:35:17.343 ,XCVBNMPOIU02,912828M80,SELL,20000000,100-061,DONE,
2023-12-24 20:35:17.343 ,XCVBNMPOIU02,912828M80,SELL,20000000,100-061,DONE,
2023-12-24 20:35:17.343 ,XCVBNMPOIU03,912828M80,BUY,30000000,100-000,RECEIVED,
2023-12-24 20:35:17.343 ,XCVBNMPOIU03,912828M80,BUY,30000000,99-053,DONE,
2023-12-24 20:35:17.343 ,XCVBNMPOIU03,912828M80,BUY,30000000,99-053,DONE,
2023-12-24 20:35:17.343 ,XCVBNMPOIU04,912828M80,SELL,40000000,100-000,RECEIVED,
2023-12-24 20:35:17.343 ,XCVBNMPOIU04,912828M80,SELL,40000000,99-086,DONE,
2023-12-24 20:35:17.343 ,XCVBNMPOIU04,912828M80,SELL,40000000,99-086,DONE,
2023-12-24 20:35:17.343 ,XCVBNMPOIU05,912828M80,BUY,50000000,100-000,RECEIVED,
2023-12-24 20:35:17.343 ,XCVBNMPOIU05,912828M80,BUY,50000000,99-11+,DONE,
2023-12-24 20:35:17.343 ,XCVBNMPOIU05,912828M80,BUY,50000000,99-11+,DONE,
2023-12-24 20:35:17.343 ,XCVBNMPOIU06,912828M80,SELL,50000000,100-000,RECEIVED,
2023-12-24 20:35:17.343 ,XCVBNMPOIU06,912828M80,SELL,50000000,100-101,DONE,
2023-12-24 20:35:17.343 ,XCVBNMPOIU06,912828M80,SELL,50000000,100-101,DONE,
2023-12-24 20:35:17.343 ,XCVBNMPOIU07,912828M80,BUY,40000000,100-000,RECEIVED,
2023-12-24 20:35:17.343 ,XCVBNMPOIU07,912828M80,BUY,40000000,100-261,DONE,
2023-12-24 20:35:17.343 ,XCVBNMPOIU07,912828M80,BUY,40000000,100-261,DONE,
2023-12-24 20:35:17.343 ,XCVBNMPOIU08,912828M80,SELL,30000000,100-000,RECEIVED,
2023-12-24 20:35:17.343 ,XCVBNMPOIU08,912828M80,SELL,30000000,100-242,DONE,
2023-12-24 20:35:17.343 ,XCVBNMPOIU08,912828M80,SELL,30000000,100-242,DONE,
2023-12-24 20:35:17.343 ,XCVBNMPOIU09,912828M80,BUY,20000000,100-000,RECEIVED,
2023-12-24 20:35:17.343 ,XCVBNMPOIU09,912828M80,BUY,20000000,100-292,DONE,
2023-12-24 20:35:17.343 ,XCVBNMPOIU09,912828M80,BUY,20000000,100-292,DONE,
2023-12-24 20:35:17.343 ,XCVBNMPOIU10,912828M80,SELL,10000000,100-000,RECEIVED,
2023-12-24 20:35:17.344 ,XCVBNMPOIU10,912828M80,SELL,10000000,99-097,DONE,
2023-12-24 20:35:17.344 ,XCVBNMPOIU10,912828M80,SELL,10000000,99-097,DONE,
2023-12-24 20:35:17.344 ,YTREWQLKJH01,9128283J7,BUY,10000000,100-000,RECEIVED,
2023-12-24 20:35:17.344 ,YTREWQLKJH01,9128283J7,BUY,10000000,100-140,DONE,
2023-12-24 20:35:17.344 ,YTREWQLKJH01,9128283J7,BUY,10000000,100-140,DONE,
2023-12-24 20:35:17.344 ,YTREWQLKJH02,9128283J7,SELL,20000000,100-000,RECEIVED,
2023-12-24 20:35:17.344 ,YTREWQLKJH02,9128283J7,SELL,20000000,99-187,DONE,
2023-12-24 20:35:17.344 ,YTREWQLKJH02,9128283J7,SELL,20000000,99-187,DONE,
2023-12-24 20:35:17.344 ,YTREWQLKJH03,9128283J7,BUY,30000000,100-000,RECEIVED,
2023-12-24 20:35:17.344 ,YTREWQLKJH03,9128283J7,BUY,30000000,100-121,DONE,
2023-12-24 20:35:17.344 ,YTREWQLKJH03,9128283J7,BUY,30000000,100-121,DONE,
2023-12-24 20:35:17.344 ,YTREWQLKJH04,9128283J7,SELL,40000000,100-000,RECEIVED,
2023-12-24 20:35:17.344 ,YTREWQLKJH04,9128283J7,SELL,40000000,99-046,DONE,
2023-12-24 20:35:17.344 ,YTREWQLKJH04,9128283J7,SELL,40000000,99-046,DONE,
2023-12-24 20:35:17.344 ,YTREWQLKJH05,9128283J7,BUY,50000000,100-000,RECEIVED,
2023-12-24 20:35:17.344 ,YTREWQLKJH05,9128283J7,BUY,50000000,99-291,DONE,
2023-12-24 20:35:17.344 ,YTREWQLKJH05,9128283J7,BUY,50000000,99-291,DONE,
2023-12-24 20:35:17.344 ,YTREWQLKJH06,9128283J7,SELL,50000000,100-000,RECEIVED,
2023-12-24 20:35:17.344 ,YTREWQLKJH06,9128283J7,SELL,50000000,100-052,DONE,
2023-12-24 20:35:17.344 ,YTREWQLKJH06,9128283J7,SELL,50000000,100-052,DONE,
2023-12-24 20:35:17.344 ,YTREWQLKJH07,9128283J7,BUY,40000000,100-000,RECEIVED,
2023-12-24 20:35:17.344 ,YTREWQLKJH07,9128283J7,BUY,40000000,100-16+,DONE,
2023-12-24 20:35:17.344 ,YTREWQLKJH07,9128283J7,BUY,40000000,100-16+,DONE,
2023-12-24 20:35:17.344 ,YTREWQLKJH08,9128283J7,SELL,30000000,100-000,RECEIVED,
2023-12-24 20:35:17.344 ,YTREWQLKJH08,9128283J7,SELL,30000000,99-315,DONE,
2023-12-24 20:35:17.344 ,YTREWQLKJH08,9128283J7,SELL,30000000,99-315,DONE,
2023-12-24 20:35:17.344 ,YTREWQLKJH09,9128283J7,BUY,20000000,100-000,RECEIVED,
2023-12-24 20:35:17.344 ,YTREWQLKJH09,9128283J7,BUY,20000000,100-220,DONE,
2023-12-24 20:35:17.344 ,YTREWQLKJH09,9128283J7,BUY,20000000,100-220,DONE,
2023-12-24 20:35:17.344 ,YTREWQLKJH10,9128283J7,SELL,10000000,100-000,RECEIVED,
2023-12-24 20:35:17.344 ,YTREWQLKJH10,9128283J7,SELL,10000000,100-277,DONE,
2023-12-24 20:35:17.344 ,YTREWQLKJH10,9128283J7,SELL,10000000,100-277,DONE,
2023-12-24 20:35:17.344 ,GFDSAMNBVC01,9128283F5,BUY,10000000,100-000,RECEIVED,
2023-12-24 20:35:17.344 ,GFDSAMNBVC01,9128283F5,BUY,10000000,100-166,DONE,
2023-12-24 20:35:17.344 ,GFDSAMNBVC01,9128283F5,BUY,10000000,100-166,DONE,
2023-12-24 20:35:17.344 ,GFDSAMNBVC02,9128283F5,SELL,20000000,100-000,RECEIVED,
2023-12-24 20:35:17.344 ,GFDSAMNBVC02,9128283F5,SELL,20000000,100-040,DONE,
2023-12-24 20:35:17.345 ,GFDSAMNBVC02,9128283F5,SELL,20000000,100-040,DONE,
2023-12-24 20:35:17.345 ,GFDSAMNBVC03,9128283F5,BUY,30000000,100-000,RECEIVED,
2023-12-24 20:35:17.345 ,GFDSAMNBVC03,9128283F5,BUY,30000000,99-161,DONE,
2023-12-24 20:35:17.345 ,GFDSAMNBVC03,9128283F5,BUY,30000000,99-161,DONE,
2023-12-24 20:35:17.345 ,GFDSAMNBVC04,9128283F5,SELL,40000000,100-000,RECEIVED,
2023-12-24 20:35:17.345 ,GFDSAMNBVC04,9128283F5,SELL,40000000,100-29+,DONE,
2023-12-24 20:35:17.345 ,GFDSAMNBVC04,9128283F5,SELL,40000000,100-29+,DONE,
2023-12-24 20:35:17.345 ,GFDSAMNBVC05,9128283F5,BUY,50000000,100-000,RECEIVED,
2023-12-24 20:35:17.345 ,GFDSAMNBVC05,9128283F5,BUY,50000000,99-052,DONE,
2023-12-24 20:35:17.345 ,GFDSAMNBVC05,9128283F5,BUY,50000000,99-052,DONE,
2023-12-24 20:35:17.345 ,GFDSAMNBVC06,9128283F5,SELL,50000000,100-000,RECEIVED,
2023-12-24 20:35:17.345 ,GFDSAMNBVC06,9128283F5,SELL,50000000,100-20+,DONE,
2023-12-24 20:35:17.345 ,GFDSAMNBVC06,9128283F5,SELL,50000000,100-20+,DONE,
2023-12-24 20:35:17.345 ,GFDSAMNBVC07,9128283F5,BUY,40000000,100-000,RECEIVED,
2023-12-24 20:35:17.345 ,GFDSAMNBVC07,9128283F5,BUY,40000000,99-023,DONE,
2023-12-24 20:35:17.345 ,GFDSAMNBVC07,9128283F5,BUY,40000000,99-023,DONE,
2023-12-24 20:35:17.345 ,GFDSAMNBVC08,9128283F5,SELL,30000000,100-000,RECEIVED,
2023-12-24 20:35:17.345 ,GFDSAMNBVC08,9128283F5,SELL,30000000,99-086,DONE,
2023-12-24 20:35:17.345 ,GFDSAMNBVC08,9128283F5,SELL,30000000,99-086,DONE,
2023-12-24 20:35:17.345 ,GFDSAMNBVC09,9128283F5,BUY,20000000,100-000,RECEIVED,
2023-12-24 20:35:17.345 ,GFDSAMNBVC09,9128283F5,BUY,20000000,99-075,DONE,
2023-12-24 20:35:17.345 ,GFDSAMNBVC09,9128283F5,BUY,20000000,99-075,DONE,
2023-12-24 20:35:17.345 ,GFDSAMNBVC10,9128283F5,SELL,10000000,100-000,RECEIVED,
2023-12-24 20:35:17.345 ,GFDSAMNBVC10,9128283F5,SELL,10000000,99-035,DONE,
2023-12-24 20:35:17.345 ,GFDSAMNBVC10,9128283F5,SELL,10000000,99-035,DONE,
2023-12-24 20:35:17.345 ,XZQWERTYUI01,912810RZ3,BUY,10000000,100-000,RECEIVED,
2023-12-24 20:35:17.345 ,XZQWERTYUI01,912810RZ3,BUY,10000000,100-013,DONE,
2023-12-24 20:35:17.345 ,XZQWERTYUI01,912810RZ3,BUY,10000000,100-013,DONE,
2023-12-24 20:35:17.345 ,XZQWERTYUI02,912810RZ3,SELL,20000000,100-000,RECEIVED,
2023-12-24 20:35:17.345 ,XZQWERTYUI02,912810RZ3,SELL,20000000,99-245,DONE,
2023-12-24 20:35:17.345 ,XZQWERTYUI02,912810RZ3,SELL,20000000,99-245,DONE,
2023-12-24 20:35:17.346 ,XZQWERTYUI03,912810RZ3,BUY,30000000,100-000,RECEIVED,
2023-12-24 20:35:17.346 ,XZQWERTYUI03,912810RZ3,BUY,30000000,99-002,DONE,
2023-12-24 20:35:17.346 ,XZQWERTYUI03,912810RZ3,BUY,30000000,99-002,DONE,
2023-12-24 20:35:17.346 ,XZQWERTYUI04,912810RZ3,SELL,40000000,100-000,RECEIVED,
2023-12-24 20:35:17.346 ,XZQWERTYUI04,912810RZ3,SELL,40000000,100-277,DONE,
2023-12-24 20:35:17.346 ,XZQWERTYUI04,912810RZ3,SELL,40000000,100-277,DONE,
2023-12-24 20:35:17.346 ,XZQWERTYUI05,912810RZ3,BUY,50000000,100-000,RECEIVED,
2023-12-24 20:35:17.346 ,XZQWERTYUI05,912810RZ3,BUY,50000000,100-047,DONE,
2023-12-24 20:35:17.346 ,XZQWERTYUI05,912810RZ3,BUY,50000000,100-047,DONE,
2023-12-24 20:35:17.346 ,XZQWERTYUI06,912810RZ3,SELL,50000000,100-000,RECEIVED,
2023-12-24 20:35:17.346 ,XZQWERTYUI06,912810RZ3,SELL,50000000,100-013,DONE,
2023-12-24 20:35:17.346 ,XZQWERTYUI06,912810RZ3,SELL,50000000,100-013,DONE,
2023-12-24 20:35:17.346 ,XZQWERTYUI07,912810RZ3,BUY,40000000,100-000,RECEIVED,
2023-12-24 20:35:17.346 ,XZQWERTYUI07,912810RZ3,BUY,40000000,99-166,DONE,
2023-12-24 20:35:17.346 ,XZQWERTYUI07,912810RZ3,BUY,40000000,99-166,DONE,
2023-12-24 20:35:17.346 ,XZQWERTYUI08,912810RZ3,SELL,30000000,100-000,RECEIVED,
2023-12-24 20:35:17.346 ,XZQWERTYUI08,912810RZ3,SELL,30000000,100-075,DONE,
2023-12-24 20:35:17.346 ,XZQWERTYUI08,912810RZ3,SELL,30000000,100-075,DONE,
2023-12-24 20:35:17.346 ,XZQWERTYUI09,912810RZ3,BUY,20000000,100-000,RECEIVED,
2023-12-24 20:35:17.346 ,XZQWERTYUI09,912810RZ3,BUY,20000000,100-012,DONE,
2023-12-24 20:35:17.346 ,XZQWERTYUI09,912810RZ3,BUY,20000000,100-012,DONE,
2023-12-24 20:35:17.346 ,XZQWERTYUI10,912810RZ3,SELL,10000000,100-000,RECEIVED,
2023-12-24 20:35:17.346 ,XZQWERTYUI10,912810RZ3,SELL,10000000,100-103,DONE,
2023-12-24 20:35:17.346 ,XZQWERTYUI10,912810RZ3,SELL,10000000,100-103,DONE,
2023-12-24 20:35:47.147 ,QWERTYUIOP01,9128283H1,BUY,10000000,100-000,RECEIVED,
2023-12-24 20:35:47.147 ,QWERTYUIOP01,9128283H1,BUY,10000000,99-281,DONE,
2023-12-24 20:35:47.148 ,QWERTYUIOP01,9128283H1,BUY,10000000,99-281,DONE,
2023-12-24 20:35:47.148 ,QWERTYUIOP02,9128283H1,SELL,20000000,100-000,RECEIVED,
2023-12-24 20:35:47.148 ,QWERTYUIOP02,9128283H1,SELL,20000000,99-123,DONE,
2023-12-24 20:35:47.148 ,QWERTYUIOP02,9128283H1,SELL,20000000,99-123,DONE,
2023-12-24 20:35:47.148 ,QWERTYUIOP03,9128283H1,BUY,30000000,100-000,RECEIVED,
2023-12-24 20:35:47.148 ,QWERTYUIOP03,9128283H1,BUY,30000000,99-287,DONE,
2023-12-24 20:35:47.148 ,QWERTYUIOP03,9128283H1,BUY,30000000,99-287,DONE,
2023-12-24 20:35:47.148 ,QWERTYUIOP04,9128283H1,SELL,40000000,100-000,RECEIVED,
2023-12-24 20:35:47.148 ,QWERTYUIOP04,9128283H1,SELL,40000000,99-255,DONE,
2023-12-24 20:35:47.148 ,QWERTYUIOP04,9128283H1,SELL,40000000,99-255,DONE,
2023-12-24 20:35:47.148 ,QWERTYUIOP05,9128283H1,BUY,50000000,100-000,RECEIVED,
2023-12-24 20:35:47.148 ,QWERTYUIOP05,9128283H1,BUY,50000000,100-263,DONE,
2023-12-24 20:35:47.148 ,QWERTYUIOP05,9128283H1,BUY,50000000,100-263,DONE,
2023-12-24 20:35:47.148 ,QWERTYUIOP06,9128283H1,SELL,50000000,100-000,RECEIVED,
2023-12-24 20:35:47.148 ,QWERTYUIOP06,9128283H1,SELL,50000000,99-147,DONE,
2023-12-24 20:35:47.148 ,QWERTYUIOP06,9128283H1,SELL,50000000,99-147,DONE,
2023-12-24 20:35:47.148 ,QWERTYUIOP07,9128283H1,BUY,40000000,100-000,RECEIVED,
2023-12-24 20:35:47.148 ,QWERTYUIOP07,9128283H1,BUY,40000000,99-093,DONE,
2023-12-24 20:35:47.148 ,QWERTYUIOP07,9128283H1,BUY,40000000,99-093,DONE,
2023-12-24 20:35:47.148 ,QWERTYUIOP08,9128283H1,SELL,30000000,100-000,RECEIVED,
2023-12-24 20:35:47.148 ,QWERTYUIOP08,9128283H1,SELL,30000000,99-020,DONE,
2023-12-24 20:35:47.148 ,QWERTYUIOP08,9128283H1,SELL,30000000,99-020,DONE,
2023-12-24 20:35:47.148 ,QWERTYUIOP09,9128283H1,BUY,20000000,100-000,RECEIVED,
2023-12-24 20:35:47.148 ,QWERTYUIOP09,9128283H1,BUY,20000000,99-040,DONE,
2023-12-24 20:35:47.148 ,QWERTYUIOP09,9128283H1,BUY,20000000,99-040,DONE,
2023-12-24 20:35:47.148 ,QWERTYUIOP10,9128283H1,SELL,10000000,100-000,RECEIVED,
2023-12-24 20:35:47.148 ,QWERTYUIOP10,9128283H1,SELL,10000000,99-177,DONE,
2023-12-24 20:35:47.148 ,QWERTYUIOP10,9128283H1,SELL,10000000,99-177,DONE,
2023-12-24 20:35:47.148 ,ASDFGHJKLZ01,9128283L2,BUY,10000000,100-000,RECEIVED,
2023-12-24 20:35:47.148 ,ASDFGHJKLZ01,9128283L2,BUY,10000000,100-086,DONE,
2023-12-24 20:35:47.148 ,ASDFGHJKLZ01,9128283L2,BUY,10000000,100-086,DONE,
2023-12-24 20:35:47.148 ,ASDFGHJKLZ02,9128283L2,SELL,20000000,100-000,RECEIVED,
2023-12-24 20:35:47.148 ,ASDFGHJKLZ02,9128283L2,SELL,20000000,100-061,DONE,
2023-12-24 20:35:47.148 ,ASDFGHJKLZ02,9128283L2,SELL,20000000,100-061,DONE,
2023-12-24 20:35:47.148 ,ASDFGHJKLZ03,9128283L2,BUY,30000000,100-000,RECEIVED,
2023-12-24 20:35:47.148 ,ASDFGHJKLZ03,9128283L2,BUY,30000000,100-103,DONE,
2023-12-24 20:35:47.148 ,ASDFGHJKLZ03,9128283L2,BUY,30000000,100-103,DONE,
2023-12-24 20:35:47.149 ,ASDFGHJKLZ04,9128283L2,SELL,40000000,100-000,RECEIVED,
2023-12-24 20:35:47.149 ,ASDFGHJKLZ04,9128283L2,SELL,40000000,100-000,DONE,
2023-12-24 20:35:47.149 ,ASDFGHJKLZ04,9128283L2,SELL,40000000,100-000,DONE,
2023-12-24 20:35:47.149 ,ASDFGHJKLZ05,9128283L2,BUY,50000000,100-000,RECEIVED,
2023-12-24 20:35:47.149 ,ASDFGHJKLZ05,9128283L2,BUY,50000000,100-246,DONE,
2023-12-24 20:35:47.149 ,ASDFGHJKLZ05,9128283L2,BUY,50000000,100-246,DONE,
2023-12-24 20:35:47.149 ,ASDFGHJKLZ06,9128283L2,SELL,50000000,100-000,RECEIVED,
2023-12-24 20:35:47.149 ,ASDFGHJKLZ06,9128283L2,SELL,50000000,99-001,DONE,
2023-12-24 20:35:47.149 ,ASDFGHJKLZ06,9128283L2,SELL,50000000,99-001,DONE,
2023-12-24 20:35:47.149 ,ASDFGHJKLZ07,9128283L2,BUY,40000000,100-000,RECEIVED,
2023-12-24 20:35:47.149 ,ASDFGHJKLZ07,9128283L2,BUY,40000000,99-18+,DONE,
2023-12-24 20:35:47.149 ,ASDFGHJKLZ07,9128283L2,BUY,40000000,99-18+,DONE,
2023-12-24 20:35:47.149 ,ASDFGHJKLZ08,9128283L2,SELL,30000000,100-000,RECEIVED,
2023-12-24 20:35:47.149 ,ASDFGHJKLZ08,9128283L2,SELL,30000000,99-015,DONE,
2023-12-24 20:35:47.149 ,ASDFGHJKLZ08,9128283L2,SELL,30000000,99-015,DONE,
2023-12-24 20:35:47.149 ,ASDFGHJKLZ09,9128283L2,BUY,20000000,100-000,RECEIVED,
2023-12-24 20:35:47.149 ,ASDFGHJKLZ09,9128283L2,BUY,20000000,100-272,DONE,
2023-12-24 20:35:47.149 ,ASDFGHJKLZ09,9128283L2,BUY,20000000,100-272,DONE,
2023-12-24 20:35:47.149 ,ASDFGHJKLZ10,9128283L2,SELL,10000000,100-000,RECEIVED,
2023-12-24 20:35:47.149 ,ASDFGHJKLZ10,9128283L2,SELL,10000000,100-197,DONE,
2023-12-24 20:35:47.149 ,ASDFGHJKLZ10,9128283L2,SELL,10000000,100-197,DONE,
2023-12-24 20:35:47.149 ,XCVBNMPOIU01,912828M80,BUY,10000000,100-000,RECEIVED,
2023-12-24 20:35:47.149 ,XCVBNMPOIU01,912828M80,BUY,10000000,99-27+,DONE,
2023-12-24 20:35:47.149 ,XCVBNMPOIU01,912828M80,BUY,10000000,99-27+,DONE,
2023-12-24 20:35:47.149 ,XCVBNMPOIU02,912828M80,SELL,20000000,100-000,RECEIVED,
2023-12-24 20:35:47.149 ,XCVBNMPOIU02,912828M80,SELL,20000000,100-061,DONE,
2023-12-24 20:35:47.149 ,XCVBNMPOIU02,912828M80,SELL,20000000,100-061,DONE,
2023-12-24 20:35:47.149 ,XCVBNMPOIU03,912828M80,BUY,30000000,100-000,RECEIVED,
2023-12-24 20:35:47.149 ,XCVBNMPOIU03,912828M80,BUY,30000000,99-053,DONE,
2023-12-24 20:35:47.149 ,XCVBNMPOIU03,912828M80,BUY,30000000,99-053,DONE,
2023-12-24 20:35:47.149 ,XCVBNMPOIU04,912828M80,SELL,40000000,100-000,RECEIVED,
2023-12-24 20:35:47.149 ,XCVBNMPOIU04,912828M80,SELL,40000000,99-086,DONE,
2023-12-24 20:35:47.149 ,XCVBNMPOIU04,912828M80,SELL,40000000,99-086,DONE,
2023-12-24 20:35:47.149 ,XCVBNMPOIU05,912828M80,BUY,50000000,100-000,RECEIVED,
2023-12-24 20:35:47.150 ,XCVBNMPOIU05,912828M80,BUY,50000000,99-11+,DONE,
2023-12-24 20:35:47.150 ,XCVBNMPOIU05,912828M80,BUY,50000000,99-11+,DONE,
2023-12-24 20:35:47.150 ,XCVBNMPOIU06,912828M80,SELL,50000000,100-000,RECEIVED,
2023-12-24 20:35:47.150 ,XCVBNMPOIU06,912828M80,SELL,50000000,100-101,DONE,
2023-12-24 20:35:47.150 ,XCVBNMPOIU06,912828M80,SELL,50000000,100-101,DONE,
2023-12-24 20:35:47.150 ,XCVBNMPOIU07,912828M80,BUY,40000000,100-000,RECEIVED,
2023-12-24 20:35:47.150 ,XCVBNMPOIU07,912828M80,BUY,40000000,100-261,DONE,
2023-12-24 20:35:47.150 ,XCVBNMPOIU07,912828M80,BUY,40000000,100-261,DONE,
2023-12-24 20:35:47.150 ,XCVBNMPOIU08,912828M80,SELL,30000000,100-000,RECEIVED,
2023-12-24 20:35:47.150 ,XCVBNMPOIU08,912828M80,SELL,30000000,100-242,DONE,
2023-12-24 20:35:47.150 ,XCVBNMPOIU08,912828M80,SELL,30000000,100-242,DONE,
2023-12-24 20:35:47.150 ,XCVBNMPOIU09,912828M80,BUY,20000000,100-000,RECEIVED,
2023-12-24 20:35:47.150 ,XCVBNMPOIU09,912828M80,BUY,20000000,100-292,DONE,
2023-12-24 20:35:47.150 ,XCVBNMPOIU09,912828M80,BUY,20000000,100-292,DONE,
2023-12-24 20:35:47.150 ,XCVBNMPOIU10,912828M80,SELL,10000000,100-000,RECEIVED,
2023-12-24 20:35:47.150 ,XCVBNMPOIU10,912828M80,SELL,10000000,99-097,DONE,
2023-12-24 20:35:47.150 ,XCVBNMPOIU10,912828M80,SELL,10000000,99-097,DONE,
2023-12-24 20:35:47.150 ,YTREWQLKJH01,9128283J7,BUY,10000000,100-000,RECEIVED,
2023-12-24 20:35:47.150 ,YTREWQLKJH01,9128283J7,BUY,10000000,100-140,DONE,
2023-12-24 20:35:47.150 ,YTREWQLKJH01,9128283J7,BUY,10000000,100-140,DONE,
2023-12-24 20:35:47.150 ,YTREWQLKJH02,9128283J7,SELL,20000000,100-000,RECEIVED,
2023-12-24 20:35:47.150 ,YTREWQLKJH02,9128283J7,SELL,20000000,99-187,DONE,
2023-12-24 20:35:47.150 ,YTREWQLKJH02,9128283J7,SELL,20000000,99-187,DONE,
2023-12-24 20:35:47.150 ,YTREWQLKJH03,9128283J7,BUY,30000000,100-000,RECEIVED,
2023-12-24 20:35:47.150 ,YTREWQLKJH03,9128283J7,BUY,30000000,100-121,DONE,
2023-12-24 20:35:47.150 ,YTREWQLKJH03,9128283J7,BUY,30000000,100-121,DONE,
2023-12-24 20:35:47.150 ,YTREWQLKJH04,9128283J7,SELL,40000000,100-000,RECEIVED,
2023-12-24 20:35:47.150 ,YTREWQLKJH04,9128283J7,SELL,40000000,99-046,DONE,
2023-12-24 20:35:47.150 ,YTREWQLKJH04,9128283J7,SELL,40000000,99-046,DONE,
2023-12-24 20:35:47.150 ,YTREWQLKJH05,9128283J7,BUY,50000000,100-000,RECEIVED,
2023-12-24 20:35:47.150 ,YTREWQLKJH05,9128283J7,BUY,50000000,99-291,DONE,
2023-12-24 20:35:47.150 ,YTREWQLKJH05,9128283J7,BUY,50000000,99-291,DONE,
2023-12-24 20:35:47.150 ,YTREWQLKJH06,9128283J7,SELL,50000000,100-000,RECEIVED,
2023-12-24 20:35:47.150 ,YTREWQLKJH06,9128283J7,SELL,50000000,100-052,DONE,
2023-12-24 20:35:47.151 ,YTREWQLKJH06,9128283J7,SELL,50000000,100-052,DONE,
2023-12-24 20:35:47.151 ,YTREWQLKJH07,9128283J7,BUY,40000000,100-000,RECEIVED,
2023-12-24 20:35:47.151 ,YTREWQLKJH07,9128283J7,BUY,40000000,100-16+,DONE,
2023-12-24 20:35:47.151 ,YTREWQLKJH07,9128283J7,BUY,40000000,100-16+,DONE,
2023-12-24 20:35:47.151 ,YTREWQLKJH08,9128283J7,SELL,30000000,100-000,RECEIVED,
2023-12-24 20:35:47.151 ,YTREWQLKJH08,9128283J7,SELL,30000000,99-315,DONE,
2023-12-24 20:35:47.151 ,YTREWQLKJH08,9128283J7,SELL,30000000,99-315,DONE,
2023-12-24 20:35:47.151 ,YTREWQLKJH09,9128283J7,BUY,20000000,100-000,RECEIVED,
2023-12-24 20:35:47.151 ,YTREWQLKJH09,9128283J7,BUY,20000000,100-220,DONE,
2023-12-24 20:35:47.151 ,YTREWQLKJH09,9128283J7,BUY,20000000,100-220,DONE,
2023-12-24 20:35:47.151 ,YTREWQLKJH10,9128283J7,SELL,10000000,100-000,RECEIVED,
2023-12-24 20:35:47.151 ,YTREWQLKJH10,9128283J7,SELL,10000000,100-277,DONE,
2023-12-24 20:35:47.151 ,YTREWQLKJH10,9128283J7,SELL,10000000,100-277,DONE,
2023-12-24 20:35:47.151 ,GFDSAMNBVC01,9128283F5,BUY,10000000,100-000,RECEIVED,
2023-12-24 20:35:47.151 ,GFDSAMNBVC01,9128283F5,BUY,10000000,100-166,DONE,
2023-12-24 20:35:47.151 ,GFDSAMNBVC01,9128283F5,BUY,10000000,100-166,DONE,
2023-12-24 20:35:47.151 ,GFDSAMNBVC02,9128283F5,SELL,20000000,100-000,RECEIVED,
2023-12-24 20:35:47.151 ,GFDSAMNBVC02,9128283F5,SELL,20000000,100-040,DONE,
2023-12-24 20:35:47.151 ,GFDSAMNBVC02,9128283F5,SELL,20000000,100-040,DONE,
2023-12-24 20:35:47.151 ,GFDSAMNBVC03,9128283F5,BUY,30000000,100-000,RECEIVED,
2023-12-24 20:35:47.151 ,GFDSAMNBVC03,9128283F5,BUY,30000000,99-161,DONE,
2023-12-24 20:35:47.151 ,GFDSAMNBVC03,9128283F5,BUY,30000000,99-161,DONE,
2023-12-24 20:35:47.151 ,GFDSAMNBVC04,9128283F5,SELL,40000000,100-000,RECEIVED,
2023-12-24 20:35:47.151 ,GFDSAMNBVC04,9128283F5,SELL,40000000,100-29+,DONE,
2023-12-24 20:35:47.151 ,GFDSAMNBVC04,9128283F5,SELL,40000000,100-29+,DONE,
2023-12-24 20:35:47.151 ,GFDSAMNBVC05,9128283F5,BUY,50000000,100-000,RECEIVED,
2023-12-24 20:35:47.151 ,GFDSAMNBVC05,9128283F5,BUY,50000000,99-052,DONE,
2023-12-24 20:35:47.151 ,GFDSAMNBVC05,9128283F5,BUY,50000000,99-052,DONE,
2023-12-24 20:35:47.151 ,GFDSAMNBVC06,9128283F5,SELL,50000000,100-000,RECEIVED,
2023-12-24 20:35:47.151 ,GFDSAMNBVC06,9128283F5,SELL,50000000,100-20+,DONE,
2023-12-24 20:35:47.151 ,GFDSAMNBVC06,9128283F5,SELL,50000000,100-20+,DONE,
2023-12-24 20:35:47.151 ,GFDSAMNBVC07,9128283F5,BUY,40000000,100-000,RECEIVED,
2023-12-24 20:35:47.151 ,GFDSAMNBVC07,9128283F5,BUY,40000000,99-023,DONE,
2023-12-24 20:35:47.151 ,GFDSAMNBVC07,9128283F5,BUY,40000000,99-023,DONE,
2023-12-24 20:35:47.151 ,GFDSAMNBVC08,9128283F5,SELL,30000000,100-000,RECEIVED,
2023-12-24 20:35:47.151 ,GFDSAMNBVC08,9128283F5,SELL,30000000,99-086,DONE,
2023-12-24 20:35:47.152 ,GFDSAMNBVC08,9128283F5,SELL,30000000,99-086,DONE,
2023-12-24 20:35:47.152 ,GFDSAMNBVC09,9128283F5,BUY,20000000,100-000,RECEIVED,
2023-12-24 20:35:47.152 ,GFDSAMNBVC09,9128283F5,BUY,20000000,99-075,DONE,
2023-12-24 20:35:47.152 ,GFDSAMNBVC09,9128283F5,BUY,20000000,99-075,DONE,
2023-12-24 20:35:47.152 ,GFDSAMNBVC10,9128283F5,SELL,10000000,100-000,RECEIVED,
2023-12-24 20:35:47.152 ,GFDSAMNBVC10,9128283F5,SELL,10000000,99-035,DONE,
2023-12-24 20:35:47.152 ,GFDSAMNBVC10,9128283F5,SELL,10000000,99-035,DONE,
2023-12-24 20:35:47.152 ,XZQWERTYUI01,912810RZ3,BUY,10000000,100-000,RECEIVED,
2023-12-24 20:35:47.152 ,XZQWERTYUI01,912810RZ3,BUY,10000000,100-013,DONE,
2023-12-24 20:35:47.152 ,XZQWERTYUI01,912810RZ3,BUY,10000000,100-013,DONE,
2023-12-24 20:35:47.152 ,XZQWERTYUI02,912810RZ3,SELL,20000000,100-000,RECEIVED,
2023-12-24 20:35:47.152 ,XZQWERTYUI02,912810RZ3,SELL,20000000,99-245,DONE,
2023-12-24 20:35:47.152 ,XZQWERTYUI02,912810RZ3,SELL,20000000,99-245,DONE,
2023-12-24 20:35:47.152 ,XZQWERTYUI03,912810RZ3,BUY,30000000,100-000,RECEIVED,
2023-12-24 20:35:47.152 ,XZQWERTYUI03,912810RZ3,BUY,30000000,99-002,DONE,
2023-12-24 20:35:47.152 ,XZQWERTYUI03,912810RZ3,BUY,30000000,99-002,DONE,
2023-12-24 20:35:47.152 ,XZQWERTYUI04,912810RZ3,SELL,40000000,100-000,RECEIVED,
2023-12-24 20:35:47.152 ,XZQWERTYUI04,912810RZ3,SELL,40000000,100-277,DONE,
2023-12-24 20:35:47.152 ,XZQWERTYUI04,912810RZ3,SELL,40000000,100-277,DONE,
2023-12-24 20:35:47.152 ,XZQWERTYUI05,912810RZ3,BUY,50000000,100-000,RECEIVED,
2023-12-24 20:35:47.152 ,XZQWERTYUI05,912810RZ3,BUY,50000000,100-047,DONE,
2023-12-24 20:35:47.152 ,XZQWERTYUI05,912810RZ3,BUY,50000000,100-047,DONE,
2023-12-24 20:35:47.152 ,XZQWERTYUI06,912810RZ3,SELL,50000000,100-000,RECEIVED,
2023-12-24 20:35:47.152 ,XZQWERTYUI06,912810RZ3,SELL,50000000,100-013,DONE,
2023-12-24 20:35:47.152 ,XZQWERTYUI06,912810RZ3,SELL,50000000,100-013,DONE,
2023-12-24 20:35:47.152 ,XZQWERTYUI07,912810RZ3,BUY,40000000,100-000,RECEIVED,
2023-12-24 20:35:47.152 ,XZQWERTYUI07,912810RZ3,BUY,40000000,99-166,DONE,
2023-12-24 20:35:47.152 ,XZQWERTYUI07,912810RZ3,BUY,40000000,99-166,DONE,
2023-12-24 20:35:47.152 ,XZQWERTYUI08,912810RZ3,SELL,30000000,100-000,RECEIVED,
2023-12-24 20:35:47.152 ,XZQWERTYUI08,912810RZ3,SELL,30000000,100-075,DONE,
2023-12-24 20:35:47.152 ,XZQWERTYUI08,912810RZ3,SELL,30000000,100-075,DONE,
2023-12-24 20:35:47.152 ,XZQWERTYUI09,912810RZ3,BUY,20000000,100-000,RECEIVED,
2023-12-24 20:35:47.152 ,XZQWERTYUI09,912810RZ3,BUY,20000000,100-012,DONE,
2023-12-24 20:35:47.152 ,XZQWERTYUI09,912810RZ3,BUY,20000000,100-012,DONE,
2023-12-24 20:35:47.152 ,XZQWERTYUI10,912810RZ3,SELL,10000000,100-000,RECEIVED,
2023-12-24 20:35:47.152 ,XZQWERTYUI10,912810RZ3,SELL,10000000,100-103,DONE,
2023-12-24 20:35:47.152 ,XZQWERTYUI10,912810RZ3,SELL,10000000,100-103,DONE,
2023-12-24 20:36:00.386 ,QWERTYUIOP01,9128283H1,BUY,10000000,100-000,RECEIVED,
2023-12-24 20:36:00.386 ,QWERTYUIOP01,9128283H1,BUY,10000000,99-281,DONE,
2023-12-24 20:36:00.386 ,QWERTYUIOP01,9128283H1,BUY,10000000,99-281,DONE,
2023-12-24 20:36:00.386 ,QWERTYUIOP02,9128283H1,SELL,20000000,100-000,RECEIVED,
2023-12-24 20:36:00.386 ,QWERTYUIOP02,9128283H1,SELL,20000000,99-123,DONE,
2023-12-24 20:36:00.386 ,QWERTYUIOP02,9128283H1,SELL,20000000,99-123,DONE,
2023-12-24 20:36:00.386 ,QWERTYUIOP03,9128283H1,BUY,30000000,100-000,RECEIVED,
2023-12-24 20:36:00.386 ,QWERTYUIOP03,9128283H1,BUY,30000000,99-287,DONE,
2023-12-24 20:36:00.386 ,QWERTYUIOP03,9128283H1,BUY,30000000,99-287,DONE,
2023-12-24 20:36:00.386 ,QWERTYUIOP04,9128283H1,SELL,40000000,100-000,RECEIVED,
2023-12-24 20:36:00.386 ,QWERTYUIOP04,9128283H1,SELL,40000000,99-255,DONE,
2023-12-24 20:36:00.386 ,QWERTYUIOP04,9128283H1,SELL,40000000,99-255,DONE,
2023-12-24 20:36:00.386 ,QWERTYUIOP05,9128283H1,BUY,50000000,100-000,RECEIVED,
2023-12-24 20:36:00.386 ,QWERTYUIOP05,9128283H1,BUY,50000000,100-263,DONE,
2023-12-24 20:36:00.387 ,QWERTYUIOP05,9128283H1,BUY,50000000,100-263,DONE,
2023-12-24 20:36:00.387 ,QWERTYUIOP06,9128283H1,SELL,50000000,100-000,RECEIVED,
2023-12-24 20:36:00.387 ,QWERTYUIOP06,9128283H1,SELL,50000000,99-147,DONE,
2023-12-24 20:36:00.387 ,QWERTYUIOP06,9128283H1,SELL,50000000,99-147,DONE,
2023-12-24 20:36:00.387 ,QWERTYUIOP07,9128283H1,BUY,40000000,100-000,RECEIVED,
2023-12-24 20:36:00.387 ,QWERTYUIOP07,9128283H1,BUY,40000000,99-093,DONE,
2023-12-24 20:36:00.387 ,QWERTYUIOP07,9128283H1,BUY,40000000,99-093,DONE,
2023-12-24 20:36:00.387 ,QWERTYUIOP08,9128283H1,SELL,30000000,100-000,RECEIVED,
2023-12-24 20:36:00.387 ,QWERTYUIOP08,9128283H1,SELL,30000000,99-020,DONE,
2023-12-24 20:36:00.387 ,QWERTYUIOP08,9128283H1,SELL,30000000,99-020,DONE,
2023-12-24 20:36:00.387 ,QWERTYUIOP09,9128283H1,BUY,20000000,100-000,RECEIVED,
2023-12-24 20:36:00.387 ,QWERTYUIOP09,9128283H1,BUY,20000000,99-040,DONE,
2023-12-24 20:36:00.387 ,QWERTYUIOP09,9128283H1,BUY,20000000,99-040,DONE,
2023-12-24 20:36:00.387 ,QWERTYUIOP10,9128283H1,SELL,10000000,100-000,RECEIVED,
2023-12-24 20:36:00.387 ,QWERTYUIOP10,9128283H1,SELL,10000000,99-177,DONE,
2023-12-24 20:36:00.387 ,QWERTYUIOP10,9128283H1,SELL,10000000,99-177,DONE,
2023-12-24 20:36:00.387 ,ASDFGHJKLZ01,9128283L2,BUY,10000000,100-000,RECEIVED,
2023-12-24 20:36:00.387 ,ASDFGHJKLZ01,9128283L2,BUY,10000000,100-086,DONE,
2023-12-24 20:36:00.387 ,ASDFGHJKLZ01,9128283L2,BUY,10000000,100-086,DONE,
2023-12-24 20:36:00.387 ,ASDFGHJKLZ02,9128283L2,SELL,20000000,100-000,RECEIVED,
2023-12-24 20:36:00.387 ,ASDFGHJKLZ02,9128283L2,SELL,20000000,100-061,DONE,
2023-12-24 20:36:00.387 ,ASDFGHJKLZ02,9128283L2,SELL,20000000,100-061,DONE,
2023-12-24 20:36:00.387 ,ASDFGHJKLZ03,9128283L2,BUY,30000000,100-000,RECEIVED,
2023-12-24 20:36:00.387 ,ASDFGHJKLZ03,9128283L2,BUY,30000000,100-103,DONE,
2023-12-24 20:36:00.387 ,ASDFGHJKLZ03,9128283L2,BUY,30000000,100-103,DONE,
2023-12-24 20:36:00.387 ,ASDFGHJKLZ04,9128283L2,SELL,40000000,100-000,RECEIVED,
2023-12-24 20:36:00.387 ,ASDFGHJKLZ04,9128283L2,SELL,40000000,100-000,DONE,
2023-12-24 20:36:00.387 ,ASDFGHJKLZ04,9128283L2,SELL,40000000,100-000,DONE,
2023-12-24 20:36:00.387 ,ASDFGHJKLZ05,9128283L2,BUY,50000000,100-000,RECEIVED,
2023-12-24 20:36:00.387 ,ASDFGHJKLZ05,9128283L2,BUY,50000000,100-246,DONE,
2023-12-24 20:36:00.387 ,ASDFGHJKLZ05,9128283L2,BUY,50000000,100-246,DONE,
2023-12-24 20:36:00.387 ,ASDFGHJKLZ06,9128283L2,SELL,50000000,100-000,RECEIVED,
2023-12-24 20:36:00.387 ,ASDFGHJKLZ06,9128283L2,SELL,50000000,99-001,DONE,
2023-12-24 20:36:00.387 ,ASDFGHJKLZ06,9128283L2,SELL,50000000,99-001,DONE,
2023-12-24 20:36:00.388 ,ASDFGHJKLZ07,9128283L2,BUY,40000000,100-000,RECEIVED,
2023-12-24 20:36:00.388 ,ASDFGHJKLZ07,9128283L2,BUY,40000000,99-18+,DONE,
2023-12-24 20:36:00.388 ,ASDFGHJKLZ07,9128283L2,BUY,40000000,99-18+,DONE,
2023-12-24 20:36:00.388 ,ASDFGHJKLZ08,9128283L2,SELL,30000000,100-000,RECEIVED,
2023-12-24 20:36:00.388 ,ASDFGHJKLZ08,9128283L2,SELL,30000000,99-015,DONE,
2023-12-24 20:36:00.388 ,ASDFGHJKLZ08,9128283L2,SELL,30000000,99-015,DONE,
2023-12-24 20:36:00.388 ,ASDFGHJKLZ09,9128283L2,BUY,20000000,100-000,RECEIVED,
2023-12-24 20:36:00.388 ,ASDFGHJKLZ09,9128283L2,BUY,20000000,100-272,DONE,
2023-12-24 20:36:00.388 ,ASDFGHJKLZ09,9128283L2,BUY,20000000,100-272,DONE,
2023-12-24 20:36:00.388 ,ASDFGHJKLZ10,9128283L2,SELL,10000000,100-000,RECEIVED,
2023-12-24 20:36:00.388 ,ASDFGHJKLZ10,9128283L2,SELL,10000000,100-197,DONE,
2023-12-24 20:36:00.388 ,ASDFGHJKLZ10,9128283L2,SELL,10000000,100-197,DONE,
2023-12-24 20:36:00.388 ,XCVBNMPOIU01,912828M80,BUY,10000000,100-000,RECEIVED,
2023-12-24 20:36:00.388 ,XCVBNMPOIU01,912828M80,BUY,10000000,99-27+,DONE,
2023-12-24 20:36:00.388 ,XCVBNMPOIU01,912828M80,BUY,10000000,99-27+,DONE,
2023-12-24 20:36:00.388 ,XCVBNMPOIU02,912828M80,SELL,20000000,100-000,RECEIVED,
2023-12-24 20:36:00.388 ,XCVBNMPOIU02,912828M80,SELL,20000000,100-061,DONE,
2023-12-24 20:36:00.388 ,XCVBNMPOIU02,912828M80,SELL,20000000,100-061,DONE,
2023-12-24 20:36:00.388 ,XCVBNMPOIU03,912828M80,BUY,30000000,100-000,RECEIVED,
2023-12-24 20:36:00.388 ,XCVBNMPOIU03,912828M80,BUY,30000000,99-053,DONE,
2023-12-24 20:36:00.388 ,XCVBNMPOIU03,912828M80,BUY,30000000,99-053,DONE,
2023-12-24 20:36:00.388 ,XCVBNMPOIU04,912828M80,SELL,40000000,100-000,RECEIVED,
2023-12-24 20:36:00.388 ,XCVBNMPOIU04,912828M80,SELL,40000000,99-086,DONE,
2023-12-24 20:36:00.388 ,XCVBNMPOIU04,912828M80,SELL,40000000,99-086,DONE,
2023-12-24 20:36:00.388 ,XCVBNMPOIU05,912828M80,BUY,50000000,100-000,RECEIVED,
2023-12-24 20:36:00.388 ,XCVBNMPOIU05,912828M80,BUY,50000000,99-11+,DONE,
2023-12-24 20:36:00.388 ,XCVBNMPOIU05,912828M80,BUY,50000000,99-11+,DONE,
2023-12-24 20:36:00.388 ,XCVBNMPOIU06,912828M80,SELL,50000000,100-000,RECEIVED,
2023-12-24 20:36:00.388 ,XCVBNMPOIU06,912828M80,SELL,50000000,100-101,DONE,
2023-12-24 20:36:00.388 ,XCVBNMPOIU06,912828M80,SELL,50000000,100-101,DONE,
2023-12-24 20:36:00.388 ,XCVBNMPOIU07,912828M80,BUY,40000000,100-000,RECEIVED,
2023-12-24 20:36:00.388 ,XCVBNMPOIU07,912828M80,BUY,40000000,100-261,DONE,
2023-12-24 20:36:00.388 ,XCVBNMPOIU07,912828M80,BUY,40000000,100-261,DONE,
2023-12-24 20:36:00.388 ,XCVBNMPOIU08,912828M80,SELL,30000000,100-000,RECEIVED,
2023-12-24 20:36:00.388 ,XCVBNMPOIU08,912828M80,SELL,30000000,100-242,DONE,
2023-12-24 20:36:00.388 ,XCVBNMPOIU08,912828M80,SELL,30000000,100-242,DONE,
2023-12-24 20:36:00.389 ,XCVBNMPOIU09,912828M80,BUY,20000000,100-000,RECEIVED,
2023-12-24 20:36:00.389 ,XCVBNMPOIU09,912828M80,BUY,20000000,100-292,DONE,
2023-12-24 20:36:00.389 ,XCVBNMPOIU09,912828M80,BUY,20000000,100-292,DONE,
2023-12-24 20:36:00.389 ,XCVBNMPOIU10,912828M80,SELL,10000000,100-000,RECEIVED,
2023-12-24 20:36:00.389 ,XCVBNMPOIU10,912828M80,SELL,10000000,99-097,DONE,
2023-12-24 20:36:00.389 ,XCVBNMPOIU10,912828M80,SELL,10000000,99-097,DONE,
2023-12-24 20:36:00.389 ,YTREWQLKJH01,9128283J7,BUY,10000000,100-000,RECEIVED,
2023-12-24 20:36:00.389 ,YTREWQLKJH01,9128283J7,BUY,10000000,100-140,DONE,
2023-12-24 20:36:00.389 ,YTREWQLKJH01,9128283J7,BUY,10000000,100-140,DONE,
2023-12-24 20:36:00.389 ,YTREWQLKJH02,9128283J7,SELL,20000000,100-000,RECEIVED,
2023-12-24 20:36:00.389 ,YTREWQLKJH02,9128283J7,SELL,20000000,99-187,DONE,
2023-12-24 20:36:00.389 ,YTREWQLKJH02,9128283J7,SELL,20000000,99-187,DONE,
2023-12-24 20:36:00.389 ,YTREWQLKJH03,9128283J7,BUY,30000000,100-000,RECEIVED,
2023-12-24 20:36:00.389 ,YTREWQLKJH03,9128283J7,BUY,30000000,100-121,DONE,
2023-12-24 20:36:00.389 ,YTREWQLKJH03,9128283J7,BUY,30000000,100-121,DONE,
2023-12-24 20:36:00.389 ,YTREWQLKJH04,9128283J7,SELL,40000000,100-000,RECEIVED,
2023-12-24 20:36:00.389 ,YTREWQLKJH04,9128283J7,SELL,40000000,99-046,DONE,
2023-12-24 20:36:00.389 ,YTREWQLKJH04,9128283J7,SELL,40000000,99-046,DONE,
2023-12-24 20:36:00.389 ,YTREWQLKJH05,9128283J7,BUY,50000000,100-000,RECEIVED,
2023-12-24 20:36:00.389 ,YTREWQLKJH05,9128283J7,BUY,50000000,99-291,DONE,
2023-12-24 20:36:00.389 ,YTREWQLKJH05,9128283J7,BUY,50000000,99-291,DONE,
2023-12-24 20:36:00.389 ,YTREWQLKJH06,9128283J7,SELL,50000000,100-000,RECEIVED,
2023-12-24 20:36:00.389 ,YTREWQLKJH06,9128283J7,SELL,50000000,100-052,DONE,
2023-12-24 20:36:00.389 ,YTREWQLKJH06,9128283J7,SELL,50000000,100-052,DONE,
2023-12-24 20:36:00.389 ,YTREWQLKJH07,9128283J7,BUY,40000000,100-000,RECEIVED,
2023-12-24 20:36:00.389 ,YTREWQLKJH07,9128283J7,BUY,40000000,100-16+,DONE,
2023-12-24 20:36:00.389 ,YTREWQLKJH07,9128283J7,BUY,40000000,100-16+,DONE,
2023-12-24 20:36:00.389 ,YTREWQLKJH08,9128283J7,SELL,30000000,100-000,RECEIVED,
2023-12-24 20:36:00.389 ,YTREWQLKJH08,9128283J7,SELL,30000000,99-315,DONE,
2023-12-24 20:36:00.389 ,YTREWQLKJH08,9128283J7,SELL,30000000,99-315,DONE,
2023-12-24 20:36:00.389 ,YTREWQLKJH09,9128283J7,BUY,20000000,100-000,RECEIVED,
2023-12-24 20:36:00.389 ,YTREWQLKJH09,9128283J7,BUY,20000000,100-220,DONE,
2023-12-24 20:36:00.389 ,YTREWQLKJH09,9128283J7,BUY,20000000,100-220,DONE,
2023-12-24 20:36:00.389 ,YTREWQLKJH10,9128283J7,SELL,10000000,100-000,RECEIVED,
2023-12-24 20:36:00.389 ,YTREWQLKJH10,9128283J7,SELL,10000000,100-277,DONE,
2023-12-24 20:36:00.389 ,YTREWQLKJH10,9128283J7,SELL,10000000,100-277,DONE,
2023-12-24 20:36:00.389 ,GFDSAMNBVC01,9128283F5,BUY,10000000,100-000,RECEIVED,
2023-12-24 20:36:00.390 ,GFDSAMNBVC01,9128283F5,BUY,10000000,100-166,DONE,
2023-12-24 20:36:00.390 ,GFDSAMNBVC01,9128283F5,BUY,10000000,100-166,DONE,
2023-12-24 20:36:00.390 ,GFDSAMNBVC02,9128283F5,SELL,20000000,100-000,RECEIVED,
2023-12-24 20:36:00.390 ,GFDSAMNBVC02,9128283F5,SELL,20000000,100-040,DONE,
2023-12-24 20:36:00.390 ,GFDSAMNBVC02,9128283F5,SELL,20000000,100-040,DONE,
2023-12-24 20:36:00.390 ,GFDSAMNBVC03,9128283F5,BUY,30000000,100-000,RECEIVED,
2023-12-24 20:36:00.390 ,GFDSAMNBVC03,9128283F5,BUY,30000000,99-161,DONE,
2023-12-24 20:36:00.390 ,GFDSAMNBVC03,9128283F5,BUY,30000000,99-161,DONE,
2023-12-24 20:36:00.390 ,GFDSAMNBVC04,9128283F5,SELL,40000000,100-000,RECEIVED,
2023-12-24 20:36:00.390 ,GFDSAMNBVC04,9128283F5,SELL,40000000,100-29+,DONE,
2023-12-24 20:36:00.390 ,GFDSAMNBVC04,9128283F5,SELL,40000000,100-29+,DONE,
2023-12-24 20:36:00.390 ,GFDSAMNBVC05,9128283F5,BUY,50000000,100-000,RECEIVED,
2023-12-24 20:36:00.390 ,GFDSAMNBVC05,9128283F5,BUY,50000000,99-052,DONE,
2023-12-24 20:36:00.390 ,GFDSAMNBVC05,9128283F5,BUY,50000000,99-052,DONE,
2023-12-24 20:36:00.390 ,GFDSAMNBVC06,9128283F5,SELL,50000000,100-000,RECEIVED,
2023-12-24 20:36:00.390 ,GFDSAMNBVC06,9128283F5,SELL,50000000,100-20+,DONE,
2023-12-24 20:36:00.390 ,GFDSAMNBVC06,9128283F5,SELL,50000000,100-20+,DONE,
2023-12-24 20:36:00.390 ,GFDSAMNBVC07,9128283F5,BUY,40000000,100-000,RECEIVED,
2023-12-24 20:36:00.390 ,GFDSAMNBVC07,9128283F5,BUY,40000000,99-023,DONE,
2023-12-24 20:36:00.390 ,GFDSAMNBVC07,9128283F5,BUY,40000000,99-023,DONE,
2023-12-24 20:36:00.390 ,GFDSAMNBVC08,9128283F5,SELL,30000000,100-000,RECEIVED,
2023-12-24 20:36:00.390 ,GFDSAMNBVC08,9128283F5,SELL,30000000,99-086,DONE,
2023-12-24 20:36:00.390 ,GFDSAMNBVC08,9128283F5,SELL,30000000,99-086,DONE,
2023-12-24 20:36:00.390 ,GFDSAMNBVC09,9128283F5,BUY,20000000,100-000,RECEIVED,
2023-12-24 20:36:00.390 ,GFDSAMNBVC09,9128283F5,BUY,20000000,99-075,DONE,
2023-12-24 20:36:00.390 ,GFDSAMNBVC09,9128283F5,BUY,20000000,99-075,DONE,
2023-12-24 20:36:00.390 ,GFDSAMNBVC10,9128283F5,SELL,10000000,100-000,RECEIVED,
2023-12-24 20:36:00.390 ,GFDSAMNBVC10,9128283F5,SELL,10000000,99-035,DONE,
2023-12-24 20:36:00.390 ,GFDSAMNBVC10,9128283F5,SELL,10000000,99-035,DONE,
2023-12-24 20:36:00.390 ,XZQWERTYUI01,912810RZ3,BUY,10000000,100-000,RECEIVED,
2023-12-24 20:36:00.390 ,XZQWERTYUI01,912810RZ3,BUY,10000000,100-013,DONE,
2023-12-24 20:36:00.390 ,XZQWERTYUI01,912810RZ3,BUY,10000000,100-013,DONE,
2023-12-24 20:36:00.390 ,XZQWERTYUI02,912810RZ3,SELL,20000000,100-000,RECEIVED,
2023-12-24 20:36:00.390 ,XZQWERTYUI02,912810RZ3,SELL,20000000,99-245,DONE,
2023-12-24 20:36:00.390 ,XZQWERTYUI02,912810RZ3,SELL,20000000,99-245,DONE,
2023-12-24 20:36:00.391 ,XZQWERTYUI03,912810RZ3,BUY,30000000,100-000,RECEIVED,
2023-12-24 20:36:00.391 ,XZQWERTYUI03,912810RZ3,BUY,30000000,99-002,DONE,
2023-12-24 20:36:00.391 ,XZQWERTYUI03,912810RZ3,BUY,30000000,99-002,DONE,
2023-12-24 20:36:00.391 ,XZQWERTYUI04,912810RZ3,SELL,40000000,100-000,RECEIVED,
2023-12-24 20:36:00.391 ,XZQWERTYUI04,912810RZ3,SELL,40000000,100-277,DONE,
2023-12-24 20:36:00.391 ,XZQWERTYUI04,912810RZ3,SELL,40000000,100-277,DONE,
2023-12-24 20:36:00.391 ,XZQWERTYUI05,912810RZ3,BUY,50000000,100-000,RECEIVED,
2023-12-24 20:36:00.391 ,XZQWERTYUI05,912810RZ3,BUY,50000000,100-047,DONE,
2023-12-24 20:36:00.391 ,XZQWERTYUI05,912810RZ3,BUY,50000000,100-047,DONE,
2023-12-24 20:36:00.391 ,XZQWERTYUI06,912810RZ3,SELL,50000000,100-000,RECEIVED,
2023-12-24 20:36:00.391 ,XZQWERTYUI06,912810RZ3,SELL,50000000,100-013,DONE,
2023-12-24 20:36:00.391 ,XZQWERTYUI06,912810RZ3,SELL,50000000,100-013,DONE,
2023-12-24 20:36:00.391 ,XZQWERTYUI07,912810RZ3,BUY,40000000,100-000,RECEIVED,
2023-12-24 20:36:00.391 ,XZQWERTYUI07,912810RZ3,BUY,40000000,99-166,DONE,
2023-12-24 20:36:00.391 ,XZQWERTYUI07,912810RZ3,BUY,40000000,99-166,DONE,
2023-12-24 20:36:00.391 ,XZQWERTYUI08,912810RZ3,SELL,30000000,100-000,RECEIVED,
2023-12-24 20:36:00.391 ,XZQWERTYUI08,912810RZ3,SELL,30000000,100-075,DONE,
2023-12-24 20:36:00.391 ,XZQWERTYUI08,912810RZ3,SELL,30000000,100-075,DONE,
2023-12-24 20:36:00.391 ,XZQWERTYUI09,912810RZ3,BUY,20000000,100-000,RECEIVED,
2023-12-24 20:36:00.391 ,XZQWERTYUI09,912810RZ3,BUY,20000000,100-012,DONE,
2023-12-24 20:36:00.391 ,XZQWERTYUI09,912810RZ3,BUY,20000000,100-012,DONE,
2023-12-24 20:36:00.391 ,XZQWERTYUI10,912810RZ3,SELL,10000000,100-000,RECEIVED,
2023-12-24 20:36:00.391 ,XZQWERTYUI10,912810RZ3,SELL,10000000,100-103,DONE,
2023-12-24 20:36:00.391 ,XZQWERTYUI10,912810RZ3,SELL,10000000,100-103,DONE,
2023-12-24 20:39:45.280 ,QWERTYUIOP01,9128283H1,BUY,10000000,100-000,RECEIVED,
2023-12-24 20:39:45.280 ,QWERTYUIOP01,9128283H1,BUY,10000000,99-281,DONE,
2023-12-24 20:39:45.280 ,QWERTYUIOP01,9128283H1,BUY,10000000,99-281,DONE,
2023-12-24 20:39:45.280 ,QWERTYUIOP02,9128283H1,SELL,20000000,100-000,RECEIVED,
2023-12-24 20:39:45.280 ,QWERTYUIOP02,9128283H1,SELL,20000000,99-123,DONE,
2023-12-24 20:39:45.280 ,QWERTYUIOP02,9128283H1,SELL,20000000,99-123,DONE,
2023-12-24 20:39:45.280 ,QWERTYUIOP03,9128283H1,BUY,30000000,100-000,RECEIVED,
2023-12-24 20:39:45.280 ,QWERTYUIOP03,9128283H1,BUY,30000000,99-287,DONE,
2023-12-24 20:39:45.280 ,QWERTYUIOP03,9128283H1,BUY,30000000,99-287,DONE,
2023-12-24 20:39:45.280 ,QWERTYUIOP04,9128283H1,SELL,40000000,100-000,RECEIVED,
2023-12-24 20:39:45.280 ,QWERTYUIOP04,9128283H1,SELL,40000000,99-255,DONE,
2023-12-24 20:39:45.280 ,QWERTYUIOP04,9128283H1,SELL,40000000,99-255,DONE,
2023-12-24 20:39:45.280 ,QWERTYUIOP05,9128283H1,BUY,50000000,100-000,RECEIVED,
2023-12-24 20:39:45.281 ,QWERTYUIOP05,9128283H1,BUY,50000000,100-263,DONE,
2023-12-24 20:39:45.281 ,QWERTYUIOP05,9128283H1,BUY,50000000,100-263,DONE,
2023-12-24 20:39:45.281 ,QWERTYUIOP06,9128283H1,SELL,50000000,100-000,RECEIVED,
2023-12-24 20:39:45.281 ,QWERTYUIOP06,9128283H1,SELL,50000000,99-147,DONE,
2023-12-24 20:39:45.281 ,QWERTYUIOP06,9128283H1,SELL,50000000,99-147,DONE,
2023-12-24 20:39:45.281 ,QWERTYUIOP07,9128283H1,BUY,40000000,100-000,RECEIVED,
2023-12-24 20:39:45.281 ,QWERTYUIOP07,9128283H1,BUY,40000000,99-093,DONE,
2023-12-24 20:39:45.281 ,QWERTYUIOP07,9128283H1,BUY,40000000,99-093,DONE,
2023-12-24 20:39:45.281 ,QWERTYUIOP08,9128283H1,SELL,30000000,100-000,RECEIVED,
2023-12-24 20:39:45.281 ,QWERTYUIOP08,9128283H1,SELL,30000000,99-020,DONE,
2023-12-24 20:39:45.281 ,QWERTYUIOP08,9128283H1,SELL,30000000,99-020,DONE,
2023-12-24 20:39:45.281 ,QWERTYUIOP09,9128283H1,BUY,20000000,100-000,RECEIVED,
2023-12-24 20:39:45.281 ,QWERTYUIOP09,9128283H1,BUY,20000000,99-040,DONE,
2023-12-24 20:39:45.281 ,QWERTYUIOP09,9128283H1,BUY,20000000,99-040,DONE,
2023-12-24 20:39:45.281 ,QWERTYUIOP10,9128283H1,SELL,10000000,100-000,RECEIVED,
2023-12-24 20:39:45.281 ,QWERTYUIOP10,9128283H1,SELL,10000000,99-177,DONE,
2023-12-24 20:39:45.281 ,QWERTYUIOP10,9128283H1,SELL,10000000,99-177,DONE,
2023-12-24 20:39:45.281 ,ASDFGHJKLZ01,9128283L2,BUY,10000000,100-000,RECEIVED,
2023-12-24 20:39:45.281 ,ASDFGHJKLZ01,9128283L2,BUY,10000000,100-086,DONE,
2023-12-24 20:39:45.282 ,ASDFGHJKLZ01,9128283L2,BUY,10000000,100-086,DONE,
2023-12-24 20:39:45.282 ,ASDFGHJKLZ02,9128283L2,SELL,20000000,100-000,RECEIVED,
2023-12-24 20:39:45.282 ,ASDFGHJKLZ02,9128283L2,SELL,20000000,100-061,DONE,
2023-12-24 20:39:45.282 ,ASDFGHJKLZ02,9128283L2,SELL,20000000,100-061,DONE,
2023-12-24 20:39:45.282 ,ASDFGHJKLZ03,9128283L2,BUY,30000000,100-000,RECEIVED,
2023-12-24 20:39:45.282 ,ASDFGHJKLZ03,9128283L2,BUY,30000000,100-103,DONE,
2023-12-24 20:39:45.282 ,ASDFGHJKLZ03,9128283L2,BUY,30000000,100-103,DONE,
2023-12-24 20:39:45.282 ,ASDFGHJKLZ04,9128283L2,SELL,40000000,100-000,RECEIVED,
2023-12-24 20:39:45.282 ,ASDFGHJKLZ04,9128283L2,SELL,40000000,100-000,DONE,
2023-12-24 20:39:45.282 ,ASDFGHJKLZ04,9128283L2,SELL,40000000,100-000,DONE,
2023-12-24 20:39:45.282 ,ASDFGHJKLZ05,9128283L2,BUY,50000000,100-000,RECEIVED,
2023-12-24 20:39:45.282 ,ASDFGHJKLZ05,9128283L2,BUY,50000000,100-246,DONE,
2023-12-24 20:39:45.282 ,ASDFGHJKLZ05,9128283L2,BUY,50000000,100-246,DONE,
2023-12-24 20:39:45.282 ,ASDFGHJKLZ06,9128283L2,SELL,50000000,100-000,RECEIVED,
2023-12-24 20:39:45.282 ,ASDFGHJKLZ06,9128283L2,SELL,50000000,99-001,DONE,
2023-12-24 20:39:45.282 ,ASDFGHJKLZ06,9128283L2,SELL,50000000,99-001,DONE,
2023-12-24 20:39:45.282 ,ASDFGHJKLZ07,9128283L2,BUY,40000000,100-000,RECEIVED,
2023-12-24 20:39:45.282 ,ASDFGHJKLZ07,9128283L2,BUY,40000000,99-18+,DONE,
2023-12-24 20:39:45.282 ,ASDFGHJKLZ07,9128283L2,BUY,40000000,99-18+,DONE,
2023-12-24 20:39:45.282 ,ASDFGHJKLZ08,9128283L2,SELL,30000000,100-000,RECEIVED,
2023-12-24 20:39:45.283 ,ASDFGHJKLZ08,9128283L2,SELL,30000000,99-015,DONE,
2023-12-24 20:39:45.283 ,ASDFGHJKLZ08,9128283L2,SELL,30000000,99-015,DONE,
2023-12-24 20:39:45.283 ,ASDFGHJKLZ09,9128283L2,BUY,20000000,100-000,RECEIVED,
2023-12-24 20:39:45.283 ,ASDFGHJKLZ09,9128283L2,BUY,20000000,100-272,DONE,
2023-12-24 20:39:45.283 ,ASDFGHJKLZ09,9128283L2,BUY,20000000,100-272,DONE,
2023-12-24 20:39:45.285 ,ASDFGHJKLZ10,9128283L2,SELL,10000000,100-000,RECEIVED,
2023-12-24 20:39:45.285 ,ASDFGHJKLZ10,9128283L2,SELL,10000000,100-197,DONE,
2023-12-24 20:39:45.285 ,ASDFGHJKLZ10,9128283L2,SELL,10000000,100-197,DONE,
2023-12-24 20:39:45.285 ,XCVBNMPOIU01,912828M80,BUY,10000000,100-000,RECEIVED,
2023-12-24 20:39:45.285 ,XCVBNMPOIU01,912828M80,BUY,10000000,99-27+,DONE,
2023-12-24 20:39:45.285 ,XCVBNMPOIU01,912828M80,BUY,10000000,99-27+,DONE,
2023-12-24 20:39:45.285 ,XCVBNMPOIU02,912828M80,SELL,20000000,100-000,RECEIVED,
2023-12-24 20:39:45.285 ,XCVBNMPOIU02,912828M80,SELL,20000000,100-061,DONE,
2023-12-24 20:39:45.286 ,XCVBNMPOIU02,912828M80,SELL,20000000,100-061,DONE,
2023-12-24 20:39:45.286 ,XCVBNMPOIU03,912828M80,BUY,30000000,100-000,RECEIVED,
2023-12-24 20:39:45.286 ,XCVBNMPOIU03,912828M80,BUY,30000000,99-053,DONE,
2023-12-24 20:39:45.286 ,XCVBNMPOIU03,912828M80,BUY,30000000,99-053,DONE,
2023-12-24 20:39:45.286 ,XCVBNMPOIU04,912828M80,SELL,40000000,100-000,RECEIVED,
2023-12-24 20:39:45.286 ,XCVBNMPOIU04,912828M80,SELL,40000000,99-086,DONE,
2023-12-24 20:39:45.286 ,XCVBNMPOIU04,912828M80,SELL,40000000,99-086,DONE,
2023-12-24 20:39:45.286 ,XCVBNMPOIU05,912828M80,BUY,50000000,100-000,RECEIVED,
2023-12-24 20:39:45.287 ,XCVBNMPOIU05,912828M80,BUY,50000000,99-11+,DONE,
2023-12-24 20:39:45.287 ,XCVBNMPOIU05,912828M80,BUY,50000000,99-11+,DONE,
2023-12-24 20:39:45.287 ,XCVBNMPOIU06,912828M80,SELL,50000000,100-000,RECEIVED,
2023-12-24 20:39:45.287 ,XCVBNMPOIU06,912828M80,SELL,50000000,100-101,DONE,
2023-12-24 20:39:45.287 ,XCVBNMPOIU06,912828M80,SELL,50000000,100-101,DONE,
2023-12-24 20:39:45.287 ,XCVBNMPOIU07,912828M80,BUY,40000000,100-000,RECEIVED,
2023-12-24 20:39:45.287 ,XCVBNMPOIU07,912828M80,BUY,40000000,100-261,DONE,
2023-12-24 20:39:45.287 ,XCVBNMPOIU07,912828M80,BUY,40000000,100-261,DONE,
2023-12-24 20:39:45.287 ,XCVBNMPOIU08,912828M80,SELL,30000000,100-000,RECEIVED,
2023-12-24 20:39:45.287 ,XCVBNMPOIU08,912828M80,SELL,30000000,100-242,DONE,
2023-12-24 20:39:45.288 ,XCVBNMPOIU08,912828M80,SELL,30000000,100-242,DONE,
2023-12-24 20:39:45.288 ,XCVBNMPOIU09,912828M80,BUY,20000000,100-000,RECEIVED,
2023-12-24 20:39:45.288 ,XCVBNMPOIU09,912828M80,BUY,20000000,100-292,DONE,
2023-12-24 20:39:45.288 ,XCVBNMPOIU09,912828M80,BUY,20000000,100-292,DONE,
2023-12-24 20:39:45.288 ,XCVBNMPOIU10,912828M80,SELL,10000000,100-000,RECEIVED,
2023-12-24 20:39:45.288 ,XCVBNMPOIU10,912828M80,SELL,10000000,99-097,DONE,
2023-12-24 20:39:45.288 ,XCVBNMPOIU10,912828M80,SELL,10000000,99-097,DONE,
2023-12-24 20:39:45.288 ,YTREWQLKJH01,9128283J7,BUY,10000000,100-000,RECEIVED,
2023-12-24 20:39:45.289 ,YTREWQLKJH01,9128283J7,BUY,10000000,100-140,DONE,
2023-12-24 20:39:45.289 ,YTREWQLKJH01,9128283J7,BUY,10000000,100-140,DONE,
2023-12-24 20:39:45.289 ,YTREWQLKJH02,9128283J7,SELL,20000000,100-000,RECEIVED,
2023-12-24 20:39:45.289 ,YTREWQLKJH02,9128283J7,SELL,20000000,99-187,DONE,
2023-12-24 20:39:45.289 ,YTREWQLKJH02,9128283J7,SELL,20000000,99-187,DONE,
2023-12-24 20:39:45.289 ,YTREWQLKJH03,9128283J7,BUY,30000000,100-000,RECEIVED,
2023-12-24 20:39:45.289 ,YTREWQLKJH03,9128283J7,BUY,30000000,100-121,DONE,
2023-12-24 20:39:45.289 ,YTREWQLKJH03,9128283J7,BUY,30000000,100-121,DONE,
2023-12-24 20:39:45.289 ,YTREWQLKJH04,9128283J7,SELL,40000000,100-000,RECEIVED,
2023-12-24 20:39:45.289 ,YTREWQLKJH04,9128283J7,SELL,40000000,99-046,DONE,
2023-12-24 20:39:45.290 ,YTREWQLKJH04,9128283J7,SELL,40000000,99-046,DONE,
2023-12-24 20:39:45.290 ,YTREWQLKJH05,9128283J7,BUY,50000000,100-000,RECEIVED,
2023-12-24 20:39:45.290 ,YTREWQLKJH05,9128283J7,BUY,50000000,99-291,DONE,
2023-12-24 20:39:45.290 ,YTREWQLKJH05,9128283J7,BUY,50000000,99-291,DONE,
2023-12-24 20:39:45.290 ,YTREWQLKJH06,9128283J7,SELL,50000000,100-000,RECEIVED,
2023-12-24 20:39:45.290 ,YTREWQLKJH06,9128283J7,SELL,50000000,100-052,DONE,
2023-12-24 20:39:45.290 ,YTREWQLKJH06,9128283J7,SELL,50000000,100-052,DONE,
2023-12-24 20:39:45.290 ,YTREWQLKJH07,9128283J7,BUY,40000000,100-000,RECEIVED,
2023-12-24 20:39:45.290 ,YTREWQLKJH07,9128283J7,BUY,40000000,100-16+,DONE,
2023-12-24 20:39:45.290 ,YTREWQLKJH07,9128283J7,BUY,40000000,100-16+,DONE,
2023-12-24 20:39:45.290 ,YTREWQLKJH08,9128283J7,SELL,30000000,100-000,RECEIVED,
2023-12-24 20:39:45.290 ,YTREWQLKJH08,9128283J7,SELL,30000000,99-315,DONE,
2023-12-24 20:39:45.290 ,YTREWQLKJH08,9128283J7,SELL,30000000,99-315,DONE,
2023-12-24 20:39:45.290 ,YTREWQLKJH09,9128283J7,BUY,20000000,100-000,RECEIVED,
2023-12-24 20:39:45.290 ,YTREWQLKJH09,9128283J7,BUY,20000000,100-220,DONE,
2023-12-24 20:39:45.290 ,YTREWQLKJH09,9128283J7,BUY,20000000,100-220,DONE,
2023-12-24 20:39:45.291 ,YTREWQLKJH10,9128283J7,SELL,10000000,100-000,RECEIVED,
2023-12-24 20:39:45.291 ,YTREWQLKJH10,9128283J7,SELL,10000000,100-277,DONE,
2023-12-24 20:39:45.291 ,YTREWQLKJH10,9128283J7,SELL,10000000,100-277,DONE,
2023-12-24 20:39:45.291 ,GFDSAMNBVC01,9128283F5,BUY,10000000,100-000,RECEIVED,
2023-12-24 20:39:45.291 ,GFDSAMNBVC01,9128283F5,BUY,10000000,100-166,DONE,
2023-12-24 20:39:45.291 ,GFDSAMNBVC01,9128283F5,BUY,10000000,100-166,DONE,
2023-12-24 20:39:45.291 ,GFDSAMNBVC02,9128283F5,SELL,20000000,100-000,RECEIVED,
2023-12-24 20:39:45.291 ,GFDSAMNBVC02,9128283F5,SELL,20000000,100-040,DONE,
2023-12-24 20:39:45.291 ,GFDSAMNBVC02,9128283F5,SELL,20000000,100-040,DONE,
2023-12-24 20:39:45.291 ,GFDSAMNBVC03,9128283F5,BUY,30000000,100-000,RECEIVED,
2023-12-24 20:39:45.291 ,GFDSAMNBVC03,9128283F5,BUY,30000000,99-161,DONE,
2023-12-24 20:39:45.291 ,GFDSAMNBVC03,9128283F5,BUY,30000000,99-161,DONE,
2023-12-24 20:39:45.291 ,GFDSAMNBVC04,9128283F5,SELL,40000000,100-000,RECEIVED,
2023-12-24 20:39:45.291 ,GFDSAMNBVC04,9128283F5,SELL,40000000,100-29+,DONE,
2023-12-24 20:39:45.291 ,GFDSAMNBVC04,9128283F5,SELL,40000000,100-29+,DONE,
2023-12-24 20:39:45.291 ,GFDSAMNBVC05,9128283F5,BUY,50000000,100-000,RECEIVED,
2023-12-24 20:39:45.291 ,GFDSAMNBVC05,9128283F5,BUY,50000000,99-052,DONE,
2023-12-24 20:39:45.291 ,GFDSAMNBVC05,9128283F5,BUY,50000000,99-052,DONE,
2023-12-24 20:39:45.291 ,GFDSAMNBVC06,9128283F5,SELL,50000000,100-000,RECEIVED,
2023-12-24 20:39:45.292 ,GFDSAMNBVC06,9128283F5,SELL,50000000,100-20+,DONE,
2023-12-24 20:39:45.292 ,GFDSAMNBVC06,9128283F5,SELL,50000000,100-20+,DONE,
2023-12-24 20:39:45.292 ,GFDSAMNBVC07,9128283F5,BUY,40000000,100-000,RECEIVED,
2023-12-24 20:39:45.292 ,GFDSAMNBVC07,9128283F5,BUY,40000000,99-023,DONE,
2023-12-24 20:39:45.292 ,GFDSAMNBVC07,9128283F5,BUY,40000000,99-023,DONE,
2023-12-24 20:39:45.292 ,GFDSAMNBVC08,9128283F5,SELL,30000000,100-000,RECEIVED,
2023-12-24 20:39:45.292 ,GFDSAMNBVC08,9128283F5,SELL,30000000,99-086,DONE,
2023-12-24 20:39:45.292 ,GFDSAMNBVC08,9128283F5,SELL,30000000,99-086,DONE,
2023-12-24 20:39:45.292 ,GFDSAMNBVC09,9128283F5,BUY,20000000,100-000,RECEIVED,
2023-12-24 20:39:45.292 ,GFDSAMNBVC09,9128283F5,BUY,20000000,99-075,DONE,
2023-12-24 20:39:45.292 ,GFDSAMNBVC09,9128283F5,BUY,20000000,99-075,DONE,
2023-12-24 20:39:45.292 ,GFDSAMNBVC10,9128283F5,SELL,10000000,100-000,RECEIVED,
2023-12-24 20:39:45.292 ,GFDSAMNBVC10,9128283F5,SELL,10000000,99-035,DONE,
2023-12-24 20:39:45.292 ,GFDSAMNBVC10,9128283F5,SELL,10000000,99-035,DONE,
2023-12-24 20:39:45.292 ,XZQWERTYUI01,912810RZ3,BUY,10000000,100-000,RECEIVED,
2023-12-24 20:39:45.292 ,XZQWERTYUI01,912810RZ3,BUY,10000000,100-013,DONE,
2023-12-24 20:39:45.292 ,XZQWERTYUI01,912810RZ3,BUY,10000000,100-013,DONE,
2023-12-24 20:39:45.292 ,XZQWERTYUI02,912810RZ3,SELL,20000000,100-000,RECEIVED,
2023-12-24 20:39:45.292 ,XZQWERTYUI02,912810RZ3,SELL,20000000,99-245,DONE,
2023-12-24 20:39:45.292 ,XZQWERTYUI02,912810RZ3,SELL,20000000,99-245,DONE,
2023-12-24 20:39:45.292 ,XZQWERTYUI03,912810RZ3,BUY,30000000,100-000,RECEIVED,
2023-12-24 20:39:45.292 ,XZQWERTYUI03,912810RZ3,BUY,30000000,99-002,DONE,
2023-12-24 20:39:45.292 ,XZQWERTYUI03,912810RZ3,BUY,30000000,99-002,DONE,
2023-12-24 20:39:45.293 ,XZQWERTYUI04,912810RZ3,SELL,40000000,100-000,RECEIVED,
2023-12-24 20:39:45.293 ,XZQWERTYUI04,912810RZ3,SELL,40000000,100-277,DONE,
2023-12-24 20:39:45.293 ,XZQWERTYUI04,912810RZ3,SELL,40000000,100-277,DONE,
2023-12-24 20:39:45.293 ,XZQWERTYUI05,912810RZ3,BUY,50000000,100-000,RECEIVED,
2023-12-24 20:39:45.293 ,XZQWERTYUI05,912810RZ3,BUY,50000000,100-047,DONE,
2023-12-24 20:39:45.293 ,XZQWERTYUI05,912810RZ3,BUY,50000000,100-047,DONE,
2023-12-24 20:39:45.293 ,XZQWERTYUI06,912810RZ3,SELL,50000000,100-000,RECEIVED,
2023-12-24 20:39:45.293 ,XZQWERTYUI06,912810RZ3,SELL,50000000,100-013,DONE,
2023-12-24 20:39:45.293 ,XZQWERTYUI06,912810RZ3,SELL,50000000,100-013,DONE,
2023-12-24 20:39:45.293 ,XZQWERTYUI07,912810RZ3,BUY,40000000,100-000,RECEIVED,
2023-12-24 20:39:45.293 ,XZQWERTYUI07,912810RZ3,BUY,40000000,99-166,DONE,
2023-12-24 20:39:45.293 ,XZQWERTYUI07,912810RZ3,BUY,40000000,99-166,DONE,
2023-12-24 20:39:45.293 ,XZQWERTYUI08,912810RZ3,SELL,30000000,100-000,RECEIVED,
2023-12-24 20:39:45.293 ,XZQWERTYUI08,912810RZ3,SELL,30000000,100-075,DONE,
2023-12-24 20:39:45.293 ,XZQWERTYUI08,912810RZ3,SELL,30000000,100-075,DONE,
2023-12-24 20:39:45.293 ,XZQWERTYUI09,912810RZ3,BUY,20000000,100-000,RECEIVED,
2023-12-24 20:39:45.293 ,XZQWERTYUI09,912810RZ3,BUY,20000000,100-012,DONE,
2023-12-24 20:39:45.293 ,XZQWERTYUI09,912810RZ3,BUY,20000000,100-012,DONE,
2023-12-24 20:39:45.293 ,XZQWERTYUI10,912810RZ3,SELL,10000000,100-000,RECEIVED,
2023-12-24 20:39:45.293 ,XZQWERTYUI10,912810RZ3,SELL,10000000,100-103,DONE,
2023-12-24 20:39:45.293 ,XZQWERTYUI10,912810RZ3,SELL,10000000,100-103,DONE,
2023-12-24 20:40:36.380 ,QWERTYUIOP01,9128283H1,BUY,10000000,100-000,RECEIVED,
2023-12-24 20:40:36.380 ,QWERTYUIOP01,9128283H1,BUY,10000000,99-281,DONE,
2023-12-24 20:40:36.380 ,QWERTYUIOP01,9128283H1,BUY,10000000,99-281,DONE,
2023-12-24 20:40:36.381 ,QWERTYUIOP02,9128283H1,SELL,20000000,100-000,RECEIVED,
2023-12-24 20:40:36.381 ,QWERTYUIOP02,9128283H1,SELL,20000000,99-123,DONE,
2023-12-24 20:40:36.381 ,QWERTYUIOP02,9128283H1,SELL,20000000,99-123,DONE,
2023-12-24 20:40:36.381 ,QWERTYUIOP03,9128283H1,BUY,30000000,100-000,RECEIVED,
2023-12-24 20:40:36.381 ,QWERTYUIOP03,9128283H1,BUY,30000000,99-287,DONE,
2023-12-24 20:40:36.381 ,QWERTYUIOP03,9128283H1,BUY,30000000,99-287,DONE,
2023-12-24 20:40:36.381 ,QWERTYUIOP04,9128283H1,SELL,40000000,100-000,RECEIVED,
2023-12-24 20:40:36.381 ,QWERTYUIOP04,9128283H1,SELL,40000000,99-255,DONE,
2023-12-24 20:40:36.381 ,QWERTYUIOP04,9128283H1,SELL,40000000,99-255,DONE,
2023-12-24 20:40:36.381 ,QWERTYUIOP05,9128283H1,BUY,50000000,100-000,RECEIVED,
2023-12-24 20:40:36.381 ,QWERTYUIOP05,9128283H1,BUY,50000000,100-263,DONE,
2023-12-24 20:40:36.381 ,QWERTYUIOP05,9128283H1,BUY,50000000,100-263,DONE,
2023-12-24 20:40:36.381 ,QWERTYUIOP06,9128283H1,SELL,50000000,100-000,RECEIVED,
2023-12-24 20:40:36.381 ,QWERTYUIOP06,9128283H1,SELL,50000000,99-147,DONE,
2023-12-24 20:40:36.381 ,QWERTYUIOP06,9128283H1,SELL,50000000,99-147,DONE,
2023-12-24 20:40:36.381 ,QWERTYUIOP07,9128283H1,BUY,40000000,100-000,RECEIVED,
2023-12-24 20:40:36.381 ,QWERTYUIOP07,9128283H1,BUY,40000000,99-093,DONE,
2023-12-24 20:40:36.381 ,QWERTYUIOP07,9128283H1,BUY,40000000,99-093,DONE,
2023-12-24 20:40:36.381 ,QWERTYUIOP08,9128283H1,SELL,30000000,100-000,RECEIVED,
2023-12-24 20:40:36.381 ,QWERTYUIOP08,9128283H1,SELL,30000000,99-020,DONE,
2023-12-24 20:40:36.381 ,QWERTYUIOP08,9128283H1,SELL,30000000,99-020,DONE,
2023-12-24 20:40:36.382 ,QWERTYUIOP09,9128283H1,BUY,20000000,100-000,RECEIVED,
2023-12-24 20:40:36.382 ,QWERTYUIOP09,9128283H1,BUY,20000000,99-040,DONE,
2023-12-24 20:40:36.382 ,QWERTYUIOP09,9128283H1,BUY,20000000,99-040,DONE,
2023-12-24 20:40:36.382 ,QWERTYUIOP10,9128283H1,SELL,10000000,100-000,RECEIVED,
2023-12-24 20:40:36.382 ,QWERTYUIOP10,9128283H1,SELL,10000000,99-177,DONE,
2023-12-24 20:40:36.382 ,QWERTYUIOP10,9128283H1,SELL,10000000,99-177,DONE,
2023-12-24 20:40:36.382 ,ASDFGHJKLZ01,9128283L2,BUY,10000000,100-000,RECEIVED,
2023-12-24 20:40:36.382 ,ASDFGHJKLZ01,9128283L2,BUY,10000000,100-086,DONE,
2023-12-24 20:40:36.382 ,ASDFGHJKLZ01,9128283L2,BUY,10000000,100-086,DONE,
2023-12-24 20:40:36.382 ,ASDFGHJKLZ02,9128283L2,SELL,20000000,100-000,RECEIVED,
2023-12-24 20:40:36.382 ,ASDFGHJKLZ02,9128283L2,SELL,20000000,100-061,DONE,
2023-12-24 20:40:36.382 ,ASDFGHJKLZ02,9128283L2,SELL,20000000,100-061,DONE,
2023-12-24 20:40:36.382 ,ASDFGHJKLZ03,9128283L2,BUY,30000000,100-000,RECEIVED,
2023-12-24 20:40:36.382 ,ASDFGHJKLZ03,9128283L2,BUY,30000000,100-103,DONE,
2023-12-24 20:40:36.382 ,ASDFGHJKLZ03,9128283L2,BUY,30000000,100-103,DONE,
2023-12-24 20:40:36.382 ,ASDFGHJKLZ04,9128283L2,SELL,40000000,100-000,RECEIVED,
2023-12-24 20:40:36.382 ,ASDFGHJKLZ04,9128283L2,SELL,40000000,100-000,DONE,
2023-12-24 20:40:36.382 ,ASDFGHJKLZ04,9128283L2,SELL,40000000,100-000,DONE,
2023-12-24 20:40:36.383 ,ASDFGHJKLZ05,9128283L2,BUY,50000000,100-000,RECEIVED,
2023-12-24 20:40:36.383 ,ASDFGHJKLZ05,9128283L2,BUY,50000000,100-246,DONE,
2023-12-24 20:40:36.383 ,ASDFGHJKLZ05,9128283L2,BUY,50000000,100-246,DONE,
2023-12-24 20:40:36.383 ,ASDFGHJKLZ06,9128283L2,SELL,50000000,100-000,RECEIVED,
2023-12-24 20:40:36.383 ,ASDFGHJKLZ06,9128283L2,SELL,50000000,99-001,DONE,
2023-12-24 20:40:36.383 ,ASDFGHJKLZ06,9128283L2,SELL,50000000,99-001,DONE,
2023-12-24 20:40:36.383 ,ASDFGHJKLZ07,9128283L2,BUY,40000000,100-000,RECEIVED,
2023-12-24 20:40:36.383 ,ASDFGHJKLZ07,9128283L2,BUY,40000000,99-18+,DONE,
2023-12-24 20:40:36.383 ,ASDFGHJKLZ07,9128283L2,BUY,40000000,99-18+,DONE,
2023-12-24 20:40:36.383 ,ASDFGHJKLZ08,9128283L2,SELL,30000000,100-000,RECEIVED,
2023-12-24 20:40:36.383 ,ASDFGHJKLZ08,9128283L2,SELL,30000000,99-015,DONE,
2023-12-24 20:40:36.383 ,ASDFGHJKLZ08,9128283L2,SELL,30000000,99-015,DONE,
2023-12-24 20:40:36.383 ,ASDFGHJKLZ09,9128283L2,BUY,20000000,100-000,RECEIVED,
2023-12-24 20:40:36.383 ,ASDFGHJKLZ09,9128283L2,BUY,20000000,100-272,DONE,
2023-12-24 20:40:36.383 ,ASDFGHJKLZ09,9128283L2,BUY,20000000,100-272,DONE,
2023-12-24 20:40:36.383 ,ASDFGHJKLZ10,9128283L2,SELL,10000000,100-000,RECEIVED,
2023-12-24 20:40:36.383 ,ASDFGHJKLZ10,9128283L2,SELL,10000000,100-197,DONE,
2023-12-24 20:40:36.383 ,ASDFGHJKLZ10,9128283L2,SELL,10000000,100-197,DONE,
2023-12-24 20:40:36.383 ,XCVBNMPOIU01,912828M80,BUY,10000000,100-000,RECEIVED,
2023-12-24 20:40:36.383 ,XCVBNMPOIU01,912828M80,BUY,10000000,99-27+,DONE,
2023-12-24 20:40:36.383 ,XCVBNMPOIU01,912828M80,BUY,10000000,99-27+,DONE,
2023-12-24 20:40:36.383 ,XCVBNMPOIU02,912828M80,SELL,20000000,100-000,RECEIVED,
2023-12-24 20:40:36.384 ,XCVBNMPOIU02,912828M80,SELL,20000000,100-061,DONE,
2023-12-24 20:40:36.384 ,XCVBNMPOIU02,912828M80,SELL,20000000,100-061,DONE,
2023-12-24 20:40:36.384 ,XCVBNMPOIU03,912828M80,BUY,30000000,100-000,RECEIVED,
2023-12-24 20:40:36.384 ,XCVBNMPOIU03,912828M80,BUY,30000000,99-053,DONE,
2023-12-24 20:40:36.384 ,XCVBNMPOIU03,912828M80,BUY,30000000,99-053,DONE,
2023-12-24 20:40:36.384 ,XCVBNMPOIU04,912828M80,SELL,40000000,100-000,RECEIVED,
2023-12-24 20:40:36.384 ,XCVBNMPOIU04,912828M80,SELL,40000000,99-086,DONE,
2023-12-24 20:40:36.384 ,XCVBNMPOIU04,912828M80,SELL,40000000,99-086,DONE,
2023-12-24 20:40:36.384 ,XCVBNMPOIU05,912828M80,BUY,50000000,100-000,RECEIVED,
2023-12-24 20:40:36.384 ,XCVBNMPOIU05,912828M80,BUY,50000000,99-11+,DONE,
2023-12-24 20:40:36.384 ,XCVBNMPOIU05,912828M80,BUY,50000000,99-11+,DONE,
2023-12-24 20:40:36.384 ,XCVBNMPOIU06,912828M80,SELL,50000000,100-000,RECEIVED,
2023-12-24 20:40:36.384 ,XCVBNMPOIU06,912828M80,SELL,50000000,100-101,DONE,
2023-12-24 20:40:36.384 ,XCVBNMPOIU06,912828M80,SELL,50000000,100-101,DONE,
2023-12-24 20:40:36.384 ,XCVBNMPOIU07,912828M80,BUY,40000000,100-000,RECEIVED,
2023-12-24 20:40:36.384 ,XCVBNMPOIU07,912828M80,BUY,40000000,100-261,DONE,
2023-12-24 20:40:36.384 ,XCVBNMPOIU07,912828M80,BUY,40000000,100-261,DONE,
2023-12-24 20:40:36.384 ,XCVBNMPOIU08,912828M80,SELL,30000000,100-000,RECEIVED,
2023-12-24 20:40:36.384 ,XCVBNMPOIU08,912828M80,SELL,30000000,100-242,DONE,
2023-12-24 20:40:36.384 ,XCVBNMPOIU08,912828M80,SELL,30000000,100-242,DONE,
2023-12-24 20:40:36.385 ,XCVBNMPOIU09,912828M80,BUY,20000000,100-000,RECEIVED,
2023-12-24 20:40:36.385 ,XCVBNMPOIU09,912828M80,BUY,20000000,100-292,DONE,
2023-12-24 20:40:36.385 ,XCVBNMPOIU09,912828M80,BUY,20000000,100-292,DONE,
2023-12-24 20:40:36.385 ,XCVBNMPOIU10,912828M80,SELL,10000000,100-000,RECEIVED,
2023-12-24 20:40:36.385 ,XCVBNMPOIU10,912828M80,SELL,10000000,99-097,DONE,
2023-12-24 20:40:36.385 ,XCVBNMPOIU10,912828M80,SELL,10000000,99-097,DONE,
2023-12-24 20:40:36.385 ,YTREWQLKJH01,9128283J7,BUY,10000000,100-000,RECEIVED,
2023-12-24 20:40:36.385 ,YTREWQLKJH01,9128283J7,BUY,10000000,100-140,DONE,
2023-12-24 20:40:36.385 ,YTREWQLKJH01,9128283J7,BUY,10000000,100-140,DONE,
2023-12-24 20:40:36.385 ,YTREWQLKJH02,9128283J7,SELL,20000000,100-000,RECEIVED,
2023-12-24 20:40:36.385 ,YTREWQLKJH02,9128283J7,SELL,20000000,99-187,DONE,
2023-12-24 20:40:36.385 ,YTREWQLKJH02,9128283J7,SELL,20000000,99-187,DONE,
2023-12-24 20:40:36.385 ,YTREWQLKJH03,9128283J7,BUY,30000000,100-000,RECEIVED,
2023-12-24 20:40:36.385 ,YTREWQLKJH03,9128283J7,BUY,30000000,100-121,DONE,
2023-12-24 20:40:36.385 ,YTREWQLKJH03,9128283J7,BUY,30000000,100-121,DONE,
2023-12-24 20:40:36.385 ,YTREWQLKJH04,9128283J7,SELL,40000000,100-000,RECEIVED,
2023-12-24 20:40:36.385 ,YTREWQLKJH04,9128283J7,SELL,40000000,99-046,DONE,
2023-12-24 20:40:36.385 ,YTREWQLKJH04,9128283J7,SELL,40000000,99-046,DONE,
2023-12-24 20:40:36.385 ,YTREWQLKJH05,9128283J7,BUY,50000000,100-000,RECEIVED,
2023-12-24 20:40:36.385 ,YTREWQLKJH05,9128283J7,BUY,50000000,99-291,DONE,
2023-12-24 20:40:36.386 ,YTREWQLKJH05,9128283J7,BUY,50000000,99-291,DONE,
2023-12-24 20:40:36.386 ,YTREWQLKJH06,9128283J7,SELL,50000000,100-000,RECEIVED,
2023-12-24 20:40:36.386 ,YTREWQLKJH06,9128283J7,SELL,50000000,100-052,DONE,
2023-12-24 20:40:36.386 ,YTREWQLKJH06,9128283J7,SELL,50000000,100-052,DONE,
2023-12-24 20:40:36.386 ,YTREWQLKJH07,9128283J7,BUY,40000000,100-000,RECEIVED,
2023-12-24 20:40:36.386 ,YTREWQLKJH07,9128283J7,BUY,40000000,100-16+,DONE,
2023-12-24 20:40:36.386 ,YTREWQLKJH07,9128283J7,BUY,40000000,100-16+,DONE,
2023-12-24 20:40:36.386 ,YTREWQLKJH08,9128283J7,SELL,30000000,100-000,RECEIVED,
2023-12-24 20:40:36.386 ,YTREWQLKJH08,9128283J7,SELL,30000000,99-315,DONE,
2023-12-24 20:40:36.386 ,YTREWQLKJH08,9128283J7,SELL,30000000,99-315,DONE,
2023-12-24 20:40:36.386 ,YTREWQLKJH09,9128283J7,BUY,20000000,100-000,RECEIVED,
2023-12-24 20:40:36.386 ,YTREWQLKJH09,9128283J7,BUY,20000000,100-220,DONE,
2023-12-24 20:40:36.386 ,YTREWQLKJH09,9128283J7,BUY,20000000,100-220,DONE,
2023-12-24 20:40:36.386 ,YTREWQLKJH10,9128283J7,SELL,10000000,100-000,RECEIVED,
2023-12-24 20:40:36.386 ,YTREWQLKJH10,9128283J7,SELL,10000000,100-277,DONE,
2023-12-24 20:40:36.386 ,YTREWQLKJH10,9128283J7,SELL,10000000,100-277,DONE,
2023-12-24 20:40:36.386 ,GFDSAMNBVC01,9128283F5,BUY,10000000,100-000,RECEIVED,
2023-12-24 20:40:36.386 ,GFDSAMNBVC01,9128283F5,BUY,10000000,100-166,DONE,
2023-12-24 20:40:36.386 ,GFDSAMNBVC01,9128283F5,BUY,10000000,100-166,DONE,
2023-12-24 20:40:36.386 ,GFDSAMNBVC02,9128283F5,SELL,20000000,100-000,RECEIVED,
2023-12-24 20:40:36.387 ,GFDSAMNBVC02,9128283F5,SELL,20000000,100-040,DONE,
2023-12-24 20:40:36.387 ,GFDSAMNBVC02,9128283F5,SELL,20000000,100-040,DONE,
2023-12-24 20:40:36.387 ,GFDSAMNBVC03,9128283F5,BUY,30000000,100-000,RECEIVED,
2023-12-24 20:40:36.387 ,GFDSAMNBVC03,9128283F5,BUY,30000000,99-161,DONE,
2023-12-24 20:40:36.387 ,GFDSAMNBVC03,9128283F5,BUY,30000000,99-161,DONE,
2023-12-24 20:40:36.387 ,GFDSAMNBVC04,9128283F5,SELL,40000000,100-000,RECEIVED,
2023-12-24 20:40:36.387 ,GFDSAMNBVC04,9128283F5,SELL,40000000,100-29+,DONE,
2023-12-24 20:40:36.387 ,GFDSAMNBVC04,9128283F5,SELL,40000000,100-29+,DONE,
2023-12-24 20:40:36.387 ,GFDSAMNBVC05,9128283F5,BUY,50000000,100-000,RECEIVED,
2023-12-24 20:40:36.387 ,GFDSAMNBVC05,9128283F5,BUY,50000000,99-052,DONE,
2023-12-24 20:40:36.387 ,GFDSAMNBVC05,9128283F5,BUY,50000000,99-052,DONE,
2023-12-24 20:40:36.387 ,GFDSAMNBVC06,9128283F5,SELL,50000000,100-000,RECEIVED,
2023-12-24 20:40:36.387 ,GFDSAMNBVC06,9128283F5,SELL,50000000,100-20+,DONE,
2023-12-24 20:40:36.387 ,GFDSAMNBVC06,9128283F5,SELL,50000000,100-20+,DONE,
2023-12-24 20:40:36.387 ,GFDSAMNBVC07,9128283F5,BUY,40000000,100-000,RECEIVED,
2023-12-24 20:40:36.387 ,GFDSAMNBVC07,9128283F5,BUY,40000000,99-023,DONE,
2023-12-24 20:40:36.387 ,GFDSAMNBVC07,9128283F5,BUY,40000000,99-023,DONE,
2023-12-24 20:40:36.387 ,GFDSAMNBVC08,9128283F5,SELL,30000000,100-000,RECEIVED,
2023-12-24 20:40:36.387 ,GFDSAMNBVC08,9128283F5,SELL,30000000,99-086,DONE,
2023-12-24 20:40:36.387 ,GFDSAMNBVC08,9128283F5,SELL,30000000,99-086,DONE,
2023-12-24 20:40:36.387 ,GFDSAMNBVC09,9128283F5,BUY,20000000,100-000,RECEIVED,
2023-12-24 20:40:36.387 ,GFDSAMNBVC09,9128283F5,BUY,20000000,99-075,DONE,
2023-12-24 20:40:36.388 ,GFDSAMNBVC09,9128283F5,BUY,20000000,99-075,DONE,
2023-12-24 20:40:36.388 ,GFDSAMNBVC10,9128283F5,SELL,10000000,100-000,RECEIVED,
2023-12-24 20:40:36.388 ,GFDSAMNBVC10,9128283F5,SELL,10000000,99-035,DONE,
2023-12-24 20:40:36.388 ,GFDSAMNBVC10,9128283F5,SELL,10000000,99-035,DONE,
2023-12-24 20:40:36.388 ,XZQWERTYUI01,912810RZ3,BUY,10000000,100-000,RECEIVED,
2023-12-24 20:40:36.388 ,XZQWERTYUI01,912810RZ3,BUY,10000000,100-013,DONE,
2023-12-24 20:40:36.388 ,XZQWERTYUI01,912810RZ3,BUY,10000000,100-013,DONE,
2023-12-24 20:40:36.388 ,XZQWERTYUI02,912810RZ3,SELL,20000000,100-000,RECEIVED,
2023-12-24 20:40:36.388 ,XZQWERTYUI02,912810RZ3,SELL,20000000,99-245,DONE,
2023-12-24 20:40:36.388 ,XZQWERTYUI02,912810RZ3,SELL,20000000,99-245,DONE,
2023-12-24 20:40:36.388 ,XZQWERTYUI03,912810RZ3,BUY,30000000,100-000,RECEIVED,
2023-12-24 20:40:36.388 ,XZQWERTYUI03,912810RZ3,BUY,30000000,99-002,DONE,
2023-12-24 20:40:36.388 ,XZQWERTYUI03,912810RZ3,BUY,30000000,99-002,DONE,
2023-12-24 20:40:36.388 ,XZQWERTYUI04,912810RZ3,SELL,40000000,100-000,RECEIVED,
2023-12-24 20:40:36.388 ,XZQWERTYUI04,912810RZ3,SELL,40000000,100-277,DONE,
2023-12-24 20:40:36.388 ,XZQWERTYUI04,912810RZ3,SELL,40000000,100-277,DONE,
2023-12-24 20:40:36.388 ,XZQWERTYUI05,912810RZ3,BUY,50000000,100-000,RECEIVED,
2023-12-24 20:40:36.388 ,XZQWERTYUI05,912810RZ3,BUY,50000000,100-047,DONE,
2023-12-24 20:40:36.388 ,XZQWERTYUI05,912810RZ3,BUY,50000000,100-047,DONE,
2023-12-24 20:40:36.388 ,XZQWERTYUI06,912810RZ3,SELL,50000000,100-000,RECEIVED,
2023-12-24 20:40:36.388 ,XZQWERTYUI06,912810RZ3,SELL,50000000,100-013,DONE,
2023-12-24 20:40:36.388 ,XZQWERTYUI06,912810RZ3,SELL,50000000,100-013,DONE,
2023-12-24 20:40:36.389 ,XZQWERTYUI07,912810RZ3,BUY,40000000,100-000,RECEIVED,
2023-12-24 20:40:36.389 ,XZQWERTYUI07,912810RZ3,BUY,40000000,99-166,DONE,
2023-12-24 20:40:36.389 ,XZQWERTYUI07,912810RZ3,BUY,40000000,99-166,DONE,
2023-12-24 20:40:36.389 ,XZQWERTYUI08,912810RZ3,SELL,30000000,100-000,RECEIVED,
2023-12-24 20:40:36.389 ,XZQWERTYUI08,912810RZ3,SELL,30000000,100-075,DONE,
2023-12-24 20:40:36.389 ,XZQWERTYUI08,912810RZ3,SELL,30000000,100-075,DONE,
2023-12-24 20:40:36.389 ,XZQWERTYUI09,912810RZ3,BUY,20000000,100-000,RECEIVED,
2023-12-24 20:40:36.389 ,XZQWERTYUI09,912810RZ3,BUY,20000000,100-012,DONE,
2023-12-24 20:40:36.389 ,XZQWERTYUI09,912810RZ3,BUY,20000000,100-012,DONE,
2023-12-24 20:40:36.389 ,XZQWERTYUI10,912810RZ3,SELL,10000000,100-000,RECEIVED,
2023-12-24 20:40:36.389 ,XZQWERTYUI10,912810RZ3,SELL,10000000,100-103,DONE,
2023-12-24 20:40:36.389 ,XZQWERTYUI10,912810RZ3,SELL,10000000,100-103,DONE,
2023-12-24 20:48:57.665 ,QWERTYUIOP01,9128283H1,BUY,10000000,100-000,RECEIVED,
2023-12-24 20:48:57.665 ,QWERTYUIOP01,9128283H1,BUY,10000000,99-281,DONE,
2023-12-24 20:48:57.665 ,QWERTYUIOP01,9128283H1,BUY,10000000,99-281,DONE,
2023-12-24 20:48:57.665 ,QWERTYUIOP02,9128283H1,SELL,20000000,100-000,RECEIVED,
2023-12-24 20:48:57.665 ,QWERTYUIOP02,9128283H1,SELL,20000000,99-123,DONE,
2023-12-24 20:48:57.665 ,QWERTYUIOP02,9128283H1,SELL,20000000,99-123,DONE,
2023-12-24 20:48:57.665 ,QWERTYUIOP03,9128283H1,BUY,30000000,100-000,RECEIVED,
2023-12-24 20:48:57.665 ,QWERTYUIOP03,9128283H1,BUY,30000000,99-287,DONE,
2023-12-24 20:48:57.665 ,QWERTYUIOP03,9128283H1,BUY,30000000,99-287,DONE,
2023-12-24 20:48:57.666 ,QWERTYUIOP04,9128283H1,SELL,40000000,100-000,RECEIVED,
2023-12-24 20:48:57.666 ,QWERTYUIOP04,9128283H1,SELL,40000000,99-255,DONE,
2023-12-24 20:48:57.666 ,QWERTYUIOP04,9128283H1,SELL,40000000,99-255,DONE,
2023-12-24 20:48:57.666 ,QWERTYUIOP05,9128283H1,BUY,50000000,100-000,RECEIVED,
2023-12-24 20:48:57.666 ,QWERTYUIOP05,9128283H1,BUY,50000000,100-263,DONE,
2023-12-24 20:48:57.666 ,QWERTYUIOP05,9128283H1,BUY,50000000,100-263,DONE,
2023-12-24 20:48:57.666 ,QWERTYUIOP06,9128283H1,SELL,50000000,100-000,RECEIVED,
2023-12-24 20:48:57.666 ,QWERTYUIOP06,9128283H1,SELL,50000000,99-147,DONE,
2023-12-24 20:48:57.666 ,QWERTYUIOP06,9128283H1,SELL,50000000,99-147,DONE,
2023-12-24 20:48:57.666 ,QWERTYUIOP07,9128283H1,BUY,40000000,100-000,RECEIVED,
2023-12-24 20:48:57.666 ,QWERTYUIOP07,9128283H1,BUY,40000000,99-093,DONE,
2023-12-24 20:48:57.666 ,QWERTYUIOP07,9128283H1,BUY,40000000,99-093,DONE,
2023-12-24 20:48:57.666 ,QWERTYUIOP08,9128283H1,SELL,30000000,100-000,RECEIVED,
2023-12-24 20:48:57.666 ,QWERTYUIOP08,9128283H1,SELL,30000000,99-020,DONE,
2023-12-24 20:48:57.666 ,QWERTYUIOP08,9128283H1,SELL,30000000,99-020,DONE,
2023-12-24 20:48:57.666 ,QWERTYUIOP09,9128283H1,BUY,20000000,100-000,RECEIVED,
2023-12-24 20:48:57.666 ,QWERTYUIOP09,9128283H1,BUY,20000000,99-040,DONE,
2023-12-24 20:48:57.666 ,QWERTYUIOP09,9128283H1,BUY,20000000,99-040,DONE,
2023-12-24 20:48:57.666 ,QWERTYUIOP10,9128283H1,SELL,10000000,100-000,RECEIVED,
2023-12-24 20:48:57.666 ,QWERTYUIOP10,9128283H1,SELL,10000000,99-177,DONE,
2023-12-24 20:48:57.666 ,QWERTYUIOP10,9128283H1,SELL,10000000,99-177,DONE,
2023-12-24 20:48:57.666 ,ASDFGHJKLZ01,9128283L2,BUY,10000000,100-000,RECEIVED,
2023-12-24 20:48:57.666 ,ASDFGHJKLZ01,9128283L2,BUY,10000000,100-086,DONE,
2023-12-24 20:48:57.666 ,ASDFGHJKLZ01,9128283L2,BUY,10000000,100-086,DONE,
2023-12-24 20:48:57.666 ,ASDFGHJKLZ02,9128283L2,SELL,20000000,100-000,RECEIVED,
2023-12-24 20:48:57.667 ,ASDFGHJKLZ02,9128283L2,SELL,20000000,100-061,DONE,
2023-12-24 20:48:57.667 ,ASDFGHJKLZ02,9128283L2,SELL,20000000,100-061,DONE,
2023-12-24 20:48:57.667 ,ASDFGHJKLZ03,9128283L2,BUY,30000000,100-000,RECEIVED,
2023-12-24 20:48:57.667 ,ASDFGHJKLZ03,9128283L2,BUY,30000000,100-103,DONE,
2023-12-24 20:48:57.667 ,ASDFGHJKLZ03,9128283L2,BUY,30000000,100-103,DONE,
2023-12-24 20:48:57.667 ,ASDFGHJKLZ04,9128283L2,SELL,40000000,100-000,RECEIVED,
2023-12-24 20:48:57.667 ,ASDFGHJKLZ04,9128283L2,SELL,40000000,100-000,DONE,
2023-12-24 20:48:57.667 ,ASDFGHJKLZ04,9128283L2,SELL,40000000,100-000,DONE,
2023-12-24 20:48:57.667 ,ASDFGHJKLZ05,9128283L2,BUY,50000000,100-000,RECEIVED,
2023-12-24 20:48:57.667 ,ASDFGHJKLZ05,9128283L2,BUY,50000000,100-246,DONE,
2023-12-24 20:48:57.667 ,ASDFGHJKLZ05,9128283L2,BUY,50000000,100-246,DONE,
2023-12-24 20:48:57.667 ,ASDFGHJKLZ06,9128283L2,SELL,50000000,100-000,RECEIVED,
2023-12-24 20:48:57.667 ,ASDFGHJKLZ06,9128283L2,SELL,50000000,99-001,DONE,
